2878 3900
1012 494 1101 536 DE
1138 495 1313 538 ARTE
1347 494 1728 539 LOGISTICA.
2289 500 2343 542 47

592 639 805 698 367500,
837 646 977 697 1050,
1005 648 1052 689 et
1080 647 1103 689 1
1128 662 1140 701 ;
1179 641 1353 705 quibus
1377 642 1570 699 additis,
1595 642 1712 690 fient
1734 647 2012 698 43243551,
2044 641 2339 708 triplicatum

594 728 849 791 quaesitum
871 729 1048 778 radicis
1072 729 1245 778 oblatae
1267 735 1379 778 351.

459 906 580 954 Sunt
616 914 664 954 et
698 905 1174 971 quadruplicationis‚
1212 907 1672 973 quintuplicationis,
1704 907 2127 971 sextuplicationis,
2155 915 2202 955 et
2225 908 2339 955 alia-

390 1011 499 1041 rum
534 993 818 1042 radicalium
852 994 1323 1059 multiplicationum,
1361 995 1673 1061 particulares
1706 1012 1876 1061 praxes
1906 996 1970 1043 ad
1995 995 2337 1044 inveniendum

391 1082 660 1130 radicatum
682 1081 856 1130 indicis
881 1083 1126 1146 cujusque.
1185 1083 1280 1131 Sed
1303 1083 1420 1149 quia
1442 1090 1546 1132 tum
1566 1084 1737 1132 modus
1759 1100 1846 1147 per
1869 1083 2196 1132 continuatam
2218 1085 2338 1132 mul-

390 1169 738 1234 tiplicationem
760 1170 915 1236 prima
937 1170 1146 1218 sectione
1169 1170 1435 1237 descriptus
1458 1171 1695 1236 generalis
1719 1178 1804 1228 est,
1831 1178 1879 1219 et
1902 1172 2016 1219 satis
2040 1171 2207 1229 facilis,
2235 1180 2337 1220 tum

389 1277 448 1306 ex
483 1276 710 1307 converso
743 1259 1021 1323 regularum
1055 1259 1406 1308 extractionum
1433 1260 1603 1310 haberi
1626 1267 1823 1325 possunt
1846 1277 2008 1308 omnes
2030 1260 2106 1308 hae
2131 1261 2336 1326 particu-

388 1348 512 1395 lares
537 1364 722 1412 praxes,
749 1347 837 1395 has
860 1347 969 1395 ideo
992 1347 1084 1395 hoc
1106 1347 1210 1395 loco
1233 1348 1660 1413 praetermittimuS.

456 1436 736 1484 Partitionis
771 1435 917 1484 etiam
949 1435 1114 1500 praxis
1145 1453 1205 1484 ex
1233 1435 1338 1500 ipsa
1366 1437 1581 1500 ejusdem
1611 1435 1888 1485 definitione
1915 1444 2062 1501 patet.
2134 1437 2186 1486 Si
2209 1439 2336 1486 enim

387 1524 655 1573 radicatum
678 1541 766 1588 per
788 1523 1000 1572 radicem
1022 1523 1075 1571 in
1098 1523 1334 1572 unitatem
1364 1542 1514 1588 usque
1544 1518 1751 1588 partitus
1782 1524 1943 1582 fueris,
1981 1543 2208 1574 numerus
2231 1544 2337 1590 par-

386 1613 614 1662 titionum
636 1620 708 1661 est
730 1612 956 1660 radicalis
982 1619 1170 1676 quotus,
1198 1630 1283 1661 seu
1305 1612 1453 1661 index
1477 1613 1721 1677 quaesitus.

652 1701 724 1750 Ut
748 1700 847 1749 sint
871 1706 1036 1749 55225
1061 1700 1332 1749 radicatum
1356 1701 1670 1750 dividendum
1691 1718 1780 1766 per
1803 1700 2016 1750 radicem
2039 1707 2151 1759 235,
2190 1720 2336 1751 emer-

581 1797 663 1855 get
686 1789 872 1854 primus
897 1794 1069 1854 quotus
1094 1793 1206 1846 235,
1234 1789 1408 1854 quibus
1431 1807 1518 1854 per
1542 1794 1639 1837 235
1663 1789 1844 1846 divisis,
1872 1797 2083 1855 emerget
2106 1797 2146 1848 1,
2173 1809 2335 1840 secun-

585 1879 675 1927 dus
694 1885 741 1927 et
759 1878 956 1927 ultimus
976 1885 1164 1942 quotus·
1219 1878 1308 1926 Est
1331 1895 1446 1943 ergo
1467 1878 1685 1927 binarius
1709 1878 1853 1942 hujus
1876 1878 2148 1943 partitionis
2172 1880 2331 1938 index,

584 1974 631 2015 et
667 1967 808 2015 radix
844 1974 915 2015 est
951 1966 1215 2031 bipartiens
1251 1966 1470 2014 radicati.
1542 1967 1667 2014 Item
1700 1966 1742 2014 si
1771 1966 2041 2016 radicatum
2077 1973 2332 2026 12977875

582 2073 669 2120 per
685 2056 898 2104 radicem
916 2060 1012 2103 235
1031 2055 1339 2120 partiendum
1356 2054 1432 2111 sit,
1452 2054 1667 2119 emergit,
1690 2054 1845 2118 prima
1861 2055 2131 2119 partitione,
2152 2062 2329 2114 55225,

582 2144 806 2201 secunda,
828 2149 941 2200 235,
963 2144 1115 2200 tertia,
1141 2149 1183 2191 1.
1232 2143 1378 2192 Unde
1399 2143 1597 2207 partitio
1614 2142 1719 2190 haec
1737 2142 1998 2206 tripartitio
2016 2151 2100 2199 est,
2122 2151 2169 2192 et
2186 2144 2333 2193 index

580 2240 653 2281 est
676 2233 929 2289 ternarius,
955 2239 1003 2280 et
1026 2231 1167 2280 radix
1190 2231 1467 2296 tripartiens
1493 2230 1685 2279 dicitur.

451 2321 694 2370 Numerus
730 2321 920 2378 indicis,
960 2338 1045 2369 seu
1081 2319 1288 2385 qualitas
1322 2319 1514 2376 radicis,
1551 2318 1770 2376 habetur,
1807 2326 1906 2367 tam
1940 2319 2272 2368 descendendo
2306 2322 2333 2367 a

382 2408 597 2458 radicato
628 2410 691 2458 ad
721 2409 969 2466 unitatem,
1002 2426 1089 2473 per
1118 2407 1444 2473 partitionem,
1481 2408 1625 2471 quam
1653 2408 1953 2455 ascendendo
1978 2408 2038 2455 ab
2062 2407 2246 2456 unitate
2270 2409 2332 2456 ad

382 2497 664 2554 radicatum,
703 2514 790 2562 per
823 2496 1307 2562 multiplicationem:
1348 2496 1409 2545 In
1438 2502 1643 2560 utroque
1673 2496 1816 2553 enim,
1848 2513 2076 2544 numerus
2101 2497 2330 2560 operatio-

383 2602 498 2633 num
523 2593 593 2634 est
616 2585 777 2643 index,
808 2593 856 2634 et
879 2585 1057 2634 radicis
1082 2585 1303 2650 qualitas.
1359 2636 1363 2640 ,

648 2674 720 2723 Ut
743 2674 987 2739 superiore
1012 2673 1242 2738 exemplo,
1265 2672 1388 2721 sicut
1406 2671 1676 2720 radicatum
1698 2677 1858 2730 12977
1862 2676 1972 2730 875,
1994 2672 2227 2735 partitum
2244 2689 2330 2736 per

581 2767 677 2810 235
709 2762 937 2820 radicem,
976 2762 1118 2811 tertia
1138 2761 1400 2826 partitione
1423 2760 1618 2809 exhibet
1642 2760 1876 2809 unitatem
1897 2780 1910 2820 3
1952 2759 2033 2816 ita,
2062 2761 2122 2808 ab
2146 2760 2327 2808 unitate

581 2850 861 2899 continuata
906 2850 1243 2915 multiplicatio
1280 2855 1376 2898 235
1414 2850 1606 2907 radicis,
1656 2849 1795 2898 tertia
1823 2848 2236 2912 -multiplicatione
2275 2849 2325 2896 in

579 2939 708 2988 idem
742 2939 1011 2988 radicatum
1045 2939 1226 2988 incidet
1247 2960 1259 2999 3
1302 2939 1430 2987 unde
1453 2946 1657 3002 utroque
1680 2938 1823 2986 modo
1847 2936 2066 3000 arguitur
2089 2936 2325 2984 ternarius

580 3044 681 3076 esse
704 3027 864 3076 index.

451 3204 583 3252 Hinc
613 3205 680 3260 fit,
716 3204 846 3267 quod
874 3203 1145 3267 partitionis
1169 3203 1393 3251 radicalis
1417 3219 1554 3250 rarus
1579 3200 1640 3248 sit
1665 3217 1776 3247 usus
1799 3199 1850 3246 in
1874 3198 2320 3264 computationibuS,
