2878 3900
1069 505 1158 548 DE
1192 505 1369 548 ARTE
1403 504 1781 550 LOGISTICA.
2321 517 2396 560 147

998 696 1286 760 Exemplum
1308 696 1487 761 regulae
1511 698 1836 760 supersolidae.

502 829 1378 902 Q÷5asgs2b÷1oafebsg÷1osgb⁶e
1417 829 1817 905 ÷5b4242a÷1jſj
1862 832 2091 894 (um-15
2116 849 2230 881 vera
2252 834 2391 882 radix

654 921 802 981 περ
840 920 1812 994 ÷QQ÷10beasg÷5bsgs2a÷Q
1961 922 2272 985 supersolida.

508 1103 554 1144 5.
593 1097 733 1145 Patet
756 1096 920 1161 itaque
944 1114 1003 1145 ex
1025 1096 1286 1161 praemissis
1304 1097 1435 1160 quod
1452 1097 1626 1160 aliquae
1644 1099 1997 1148 extractionum
2020 1100 2237 1164 reliquiae
2260 1102 2394 1150 nulla

439 1187 620 1235 habent
662 1186 800 1250 signa
838 1186 1059 1250 positiva,
1103 1193 1151 1234 et
1188 1186 1265 1234 hae
1303 1185 1521 1249 reliquiae
1559 1193 1672 1234 totae
1714 1187 1935 1237 formales
1972 1189 2201 1238 dicuntur
2222 1211 2235 1249 3
2286 1191 2391 1239 aliae

438 1276 657 1339 reliquiae
683 1275 882 1335 habent,
910 1282 958 1323 et
980 1275 1058 1323 hae
1081 1282 1193 1323 totae
1217 1274 1490 1323 informales
1516 1274 1758 1324 dicuntur.

704 1364 777 1413 Ut
798 1364 851 1412 in
875 1364 1105 1428 exemplis
1130 1369 1175 1421 Q,
1195 1368 1242 1421 3,
1264 1370 1312 1412 et
1328 1369 1360 1412 4·
1378 1364 1688 1412 extractionis
1704 1366 1968 1428 quadratae,
1990 1366 2207 1430 reliquiae
2226 1385 2388 1416 omnes

636 1453 853 1518 priorum
883 1471 1083 1518 operum
1113 1460 1225 1501 sunt
1253 1452 1544 1510 informales,
1579 1454 1842 1502 eorundem
1872 1462 2033 1502 autem
2063 1457 2388 1520 exemplorum

632 1543 904 1591 novissimae
927 1542 1144 1605 reliquiae
1169 1548 1281 1589 sunt
1303 1558 1532 1589 numerus
1553 1562 1566 1602 3
1603 1548 1746 1606 atque
1769 1542 1878 1590 ideo
1897 1543 2118 1592 formales
2142 1544 2384 1601 dicuntur,

635 1631 883 1695 Exemplis
902 1631 1015 1679 verb
1038 1637 1070 1679 5
1094 1637 1142 1678 et
1166 1628 1196 1678 6
1221 1617 1483 1693 quadratae,
1510 1637 1558 1678 et
1582 1636 1613 1678 2
1635 1631 1818 1679 cubicae
1841 1631 2057 1695 reliquiae
2081 1650 2258 1691 omnes,
2286 1637 2388 1682 tum

632 1719 803 1784 primae
850 1721 953 1767 tum
998 1718 1284 1775 novissimae,
1334 1736 1390 1766 60
1430 1720 1561 1782 quod
1600 1719 1818 1783 positivis
1866 1727 2064 1778 scatent,
2113 1721 2386 1772 informales

641 1808 886 1857 dicuntur.

504 1986 843 2035 Informatium
866 1984 1181 2048 reliquiarum
1205 1984 1428 2047 quaedam
1457 1991 1570 2032 sunt
1593 1984 1881 2042 formabiles,
1910 1986 2133 2049 quaedam
2160 1986 2384 2035 reforma-

434 2076 568 2132 biles,
596 2075 818 2139 quaedam
841 2091 1036 2139 prorsus
1060 2073 1295 2121 deformes
1319 2079 1367 2120 et
1389 2072 1777 2121 irreformabiles.

701 2163 772 2212 Ut
796 2162 1025 2227 exemplis
1049 2161 1266 2226 proxime
1290 2160 1691 2233 subsequentibus
1715 2161 1913 2224 patebit.

501 2340 546 2388 6.
584 2340 880 2389 Formabiles
911 2346 1023 2387 sunt
1053 2337 1271 2401 reliquiae
1295 2354 1405 2385 cum
1428 2337 1603 2401 quibus
1632 2338 1843 2386 secunda
1863 2354 1975 2402 pars
1998 2339 2177 2403 regulae
2200 2347 2381 2388 extrac-

434 2429 578 2477 tionis
609 2427 821 2477 exerceri
850 2426 1015 2492 possit,
1050 2425 1279 2490 reliquias
1309 2425 1422 2474 inde
1452 2425 1624 2483 nullas,
1664 2433 1747 2474 aut
1777 2425 2018 2490 prioribus
2048 2426 2208 2475 minus
2237 2427 2381 2475 infor-

432 2518 579 2566 males
616 2517 885 2566 reddentes.
958 2516 1220 2580 Ipsumque
1258 2532 1376 2579 opus
1413 2516 1631 2563 secundae
1667 2515 1818 2580 partis
1853 2515 2033 2580 regulae
2072 2517 2379 2566 extractionis

433 2605 764 2656 Conformatio
793 2605 986 2653 dicitur.

699 2694 772 2743 Ut
810 2693 863 2741 in
903 2692 1133 2757 exemplis
1174 2692 1396 2741 omnibus
1442 2691 1783 2756 superioribus,
1826 2699 1874 2740 et
1909 2692 2134 2756 quadrati
2167 2699 2214 2740 et
2248 2693 2373 2750 cubi,

628 2781 847 2845 reliquiae
871 2798 1034 2829 omnes
1064 2787 1241 2845 praeter
1270 2780 1552 2828 novissimas
1583 2779 1812 2829 dicuntur
1842 2779 2128 2836 formabileS,
2155 2780 2270 2843 quia
2290 2798 2376 2845 per

629 2869 780 2917 solam
819 2870 1078 2917 secundam
1117 2875 1305 2933 partem
1344 2868 1525 2933 regulae
1565 2868 1872 2916 extractionis
1913 2867 2283 2925 conformantur,
2328 2876 2375 2916 et

628 2957 845 3022 reliquiae
875 2957 1146 3006 novissimae
1177 2957 1291 3006 inde
1318 2957 1477 3006 minus
1504 2957 1777 3006 informales
1805 2964 2076 3020 exsurgent.

498 3143 545 3194 7.
594 3134 943 3184 Reformabiles
990 3141 1102 3183 sunt
1145 3134 1363 3198 reliquiae
1409 3152 1528 3199 quas
1574 3135 1615 3182 si
1660 3133 1879 3182 diviseris
1924 3150 2011 3198 per
2056 3133 2370 3197 compositum

425 3225 622 3289 aliquod
663 3223 846 3287 aequale
884 3222 1038 3271 nihilo
1076 3223 1184 3286 (seu
1221 3240 1309 3287 per
1346 3223 1663 3287 aequationem
1703 3222 1766 3270 ad
1805 3223 1877 3285 Ο),
1922 3229 1970 3270 et
2005 3220 2120 3270 hinc
2156 3228 2370 3270 extantes
