2878 3900
565 538 615 576 24
1170 529 1256 571 DE
1288 527 1460 572 ARTE
1494 525 1871 570 LOGISTICA.

632 678 687 726 M
694 676 1016 740 ultiplicantur
1037 674 1178 721 etiam
1201 673 1375 727 fractae‚
1406 671 1659 735 partiendo
1682 668 1894 733 singulas
1918 667 2071 724 binaS,
2108 683 2314 732 quarum
2337 667 2489 716 altera

569 777 638 815 est
660 773 943 819 numerator,
963 762 1111 810 altera
1133 759 1474 815 denominator,
1500 758 1551 806 in
1575 775 1714 806 suum
1738 772 2038 806 communem
2061 754 2318 804 divisorem
2340 757 2489 805 maxi-

567 870 708 908 mum,
728 850 899 899 notatis
922 848 1129 896 omnium
1154 846 1330 893 ultimis
1354 845 1526 909 quotis,
1548 845 1722 894 deinde
1746 843 2111 908 multiplicando
2134 851 2303 907 quotos
2325 861 2489 893 nume-

569 950 775 990 ratorum
805 937 1016 991 invicem,
1050 943 1096 983 et
1126 935 1247 982 fiunt
1276 951 1426 982 novus
1455 942 1765 994 numerator;
1803 940 1851 982 et
1875 940 2043 997 quotos
2071 932 2488 981 denominatorum

567 1027 776 1081 invicem,
801 1032 848 1072 et
870 1023 989 1070 fiunt
1011 1038 1159 1069 novus
1182 1021 1513 1070 denominator
1536 1021 1746 1085 multipli
1770 1020 1974 1085 quaesiti.

824 1112 891 1160 Ut
924 1110 1019 1158 sint
1052 1110 1253 1158 invicem
1287 1110 1661 1175 multiplicandae
1690 1110 1758 1176 3-8-
1784 1117 1831 1158 et
1859 1111 1992 1176 2³3⁵&
2032 1091 2190 1174 primo
2214 1109 2488 1174 partiantur

759 1205 815 1247 18
850 1207 896 1247 et
933 1204 997 1246 ⁶20
1035 1215 1122 1262 per
1161 1216 1299 1246 suum
1340 1216 1638 1248 communem
1678 1199 1934 1247 divisorem
1973 1198 2238 1247 maximum
2277 1204 2323 1255 Q,
2372 1199 2489 1247 fient

754 1290 818 1354 ἧς
839 1294 887 1334 et
910 1287 1038 1352 9³351-;
1072 1286 1184 1334 inde
1207 1286 1479 1350 partiantur
1501 1293 1562 1335 10
1585 1295 1633 1335 et
1656 1291 1720 1335 35
1743 1304 1830 1351 per
1853 1293 1899 1344 5,
1926 1287 2043 1334 fient
2066 1292 2097 1334 Q
2121 1293 2169 1334 et
2185 1293 2232 1344 7,
2259 1286 2351 1334 hoc
2374 1286 2484 1343 situ,

752 1377 783 1441 ξ
804 1383 851 1423 et
874 1376 1001 1441 ἵξῃ
1039 1374 1152 1423 inde
1174 1374 1445 1439 partiantur
1468 1382 1498 1430 9
1522 1383 1570 1424 et
1593 1380 1685 1424 231
1708 1393 1795 1440 per
1817 1381 1864 1433 3,
1890 1376 2007 1424 fient
2029 1379 2061 1423 3
2085 1383 2133 1424 et
2151 1382 2232 1433 77,
2259 1375 2350 1424 hoc
2374 1376 2484 1432 situ,

750 1464 865 1529 {777
890 1484 902 1522 ;
940 1462 1147 1527 denique
1177 1463 1449 1527 partiantur
1472 1471 1504 1521 7
1528 1471 1576 1512 et
1597 1471 1662 1522 77
1694 1481 1780 1529 per
1812 1481 1951 1512 suum
1982 1480 2283 1512 communem
2315 1464 2487 1512 diviso-

751 1569 848 1600 rem
872 1551 1130 1599 maximum
1153 1558 1199 1608 7,
1233 1559 1281 1599 et
1302 1552 1418 1600 fient
1446 1558 1467 1599 1
1497 1560 1545 1600 et
1571 1558 1646 1609 11,
1680 1552 1771 1601 hoc
1794 1552 1903 1609 situ,
1930 1554 1964 1618 {L
1984 1554 2085 1619 ᾗς
2139 1552 2235 1600 His
2263 1553 2483 1617 peractis,

753 1641 843 1687 duc
867 1639 951 1686 hos
974 1646 1332 1687 numeratorum
1357 1640 1548 1688 ultimos
1571 1647 1741 1704 quotos
1764 1645 1795 1688 3
1819 1648 1867 1689 et
1894 1646 1916 1688 1
1944 1640 2163 1697 invicem,
2198 1640 2267 1689 sic
2295 1640 2487 1690 ultimos

754 1726 1160 1775 dcnominatorum
1179 1732 1210 1774 Q
1227 1734 1275 1775 et
1296 1732 1370 1784 11,
1396 1728 1607 1791 fientque
1630 1728 1703 1776 ini
1725 1733 1772 1785 3,
1798 1728 1850 1776 hi
1874 1734 1953 1786 22,
1979 1729 2071 1777 hoc
2094 1728 2204 1785 situ,
2226 1730 2306 1794 ᾖ,
2327 1729 2487 1778 multi-

755 1816 882 1879 plum
906 1814 1172 1878 quaesitum.
1243 1815 1368 1863 Item
1391 1816 1488 1864 sint
1510 1817 1889 1881 multiplicandae
1912 1817 2167 1866 fractiones
2189 1817 2487 1868 inabbreviae

753 1905 868 1953 biles
892 1904 965 1952 hae
988 1907 1053 1981 ξ’
1078 1912 1124 1953 et
1146 1907 1179 1970 ξ
1202 1905 1438 1965 invicem3
1477 1905 1860 1970 multiplicentur
1883 1906 2041 1970 primo
2063 1914 2392 1956 numeratores
2416 1913 2487 1956 ὅλα

727 2046 739 2059 ,
754 2001 801 2041 et
830 1999 861 2040 4
890 1992 1106 2049 invicem,
1140 2001 1187 2041 et
1216 1994 1333 2042 fient
1363 1999 1447 2050 8α,
1478 2011 1629 2043 novus
1658 2002 1970 2055 numerator;
2008 1995 2182 2044 deinde
2212 1996 2487 2045 denominaf

754 2091 875 2129 tores
899 2086 929 2130 3
953 2090 1000 2129 et
1022 2089 1052 2130 5
1077 2082 1293 2139 invicem,
1327 2090 1375 2131 et
1403 2083 1521 2132 fient
1548 2089 1622 2141 15,
1655 2101 1806 2133 novus
1829 2084 2164 2133 denominator
2184 2105 2198 2145 ;
2237 2093 2349 2134 sunt
2371 2103 2487 2150 ergo

754 2171 831 2245 {3-5‘2,
857 2170 1129 2234 multiplum
1153 2170 1421 2234 quaesitum.

633 2347 734 2394 Hac
773 2348 1163 2412 multiplicatione
1202 2349 1453 2398 fractiones
1493 2350 1794 2408 fractionum,
1837 2351 1948 2409 imo,
1989 2359 2037 2400 et
2073 2352 2329 2401 fractiones
2364 2353 2484 2401 frac-

566 2434 743 2480 tionum
779 2434 950 2482 iterum
988 2443 1129 2498 atque
1165 2436 1337 2484 iterum
1371 2438 1644 2496 fractarum,
1686 2440 1748 2487 ad
1783 2439 2021 2504 simplices
2055 2439 2311 2489 fractiones
2344 2441 2484 2489 redu-

565 2528 749 2568 cuntur.

826 2609 895 2657 Ut
917 2610 1022 2657 duae
1046 2611 1223 2673 quintae
1248 2613 1391 2661 trium
1415 2622 1710 2678 quartarum,
1737 2616 1806 2664 sic
1828 2623 2020 2674 notatae,
2046 2619 2080 2682 ξ
2102 2634 2161 2665 ex
2182 2619 2230 2683 ᾗ,
2257 2635 2344 2682 per
2365 2635 2483 2683 prae-

759 2696 948 2745 missam
979 2699 1097 2747 fiunt
1124 2701 1278 2763 primo
1300 2704 1333 2767 ᾖ
1355 2705 1388 2767 ᾗ
1408 2720 1494 2767 per
1516 2705 1921 2753 abbreviationem
1941 2726 1954 2766 ;
1997 2706 2125 2772 inde,
2155 2724 2243 2771 per
2264 2724 2483 2756 numera-

762 2793 917 2832 torum
941 2786 1142 2835 invicem
1160 2806 1215 2837 ac
1232 2791 1642 2841 denominatorum
1658 2793 1863 2842 invicem
1879 2794 2341 2862 multiplicationem,
2361 2798 2484 2846 fiunt

759 2875 838 2939 {¹5,
860 2874 1001 2922 unica
1023 2875 1188 2924 fractio
1211 2878 1422 2942 simplex,
1447 2881 1574 2929 idem
1597 2883 1756 2931 valens
1780 2884 1910 2947 quod
1932 2884 2149 2949 superior
2170 2885 2341 2935 fractio
2363 2887 2482 2935 frac-

659 2992 669 3001 ·
759 2962 953 3011 tionum.
1007 2964 1087 3011 Sic
1109 2972 1203 3013 tres
1226 2975 1405 3030 quartae
1428 2970 1632 3018 duarum
1655 2972 1905 3021 tertiarum
1923 2973 2064 3023 unius
2082 2974 2287 3032 dimidii,
2309 2975 2378 3024 sic
2400 2993 2481 3024 no-

758 3059 880 3106 tatae,
906 3053 937 3116 ’ᾗ
962 3068 1020 3099 ex
1042 3054 1074 3117 {s
1096 3069 1155 3100 ex
1178 3054 1223 3118 ὲ,
1257 3054 1370 3103 fient
1392 3073 1478 3119 per
1500 3058 1918 3118 abbreviationem,
1949 3062 2107 3126 primo
2133 3064 2165 3129 ἑ
2193 3081 2253 3112 ex
2281 3066 2315 3130 a}
2344 3082 2403 3113 ex
2434 3066 2479 3129 ᾗ,

755 3138 864 3186 inde
886 3140 917 3204 ᾗ
940 3140 973 3205 †
994 3140 1028 3205 †
1051 3156 1134 3188 seu
1158 3141 1190 3205 ᾖ
1210 3142 1244 3207 ᾖ
1267 3143 1328 3206 {3
1362 3144 1551 3192 tandem
1569 3146 1723 3195 ductis
1741 3150 2065 3213 superioribus
2083 3151 2242 3215 quotis
2259 3152 2478 3209 invicem,

757 3234 803 3273 et
826 3226 1126 3277 inferioribus
1149 3229 1364 3287 invicem,
1391 3232 1511 3280 fiunt
1532 3234 1579 3299 ᾖ,
1606 3234 1731 3284 idem
1755 3238 1916 3287 valens
1939 3241 2069 3303 quod
2090 3242 2122 3306 ᾗ
2147 3258 2206 3289 ex
2228 3244 2262 3307 ξ»
2284 3258 2342 3290 ex
2366 3243 2412 3307 3}-
