2878 3900
603 552 651 591 16
1207 550 1294 591 DE
1327 546 1500 591 ARTE
1533 543 1907 587 LOGISTICA.

798 695 937 742 boum
971 691 1257 740 satisfaciens
1288 688 1503 736 secundae
1532 686 1795 750 quaestioni.
1867 685 1991 731 Item
2014 683 2064 730 in
2089 683 2229 730 tertia
2251 683 2508 746 quaestione

795 779 1054 842 multiplica
1081 777 1342 840 superiores
1364 780 1442 829 ΩΟ,
1475 779 1520 829 Q,
1553 780 1600 830 5,
1630 780 1677 821 et
1700 778 1731 826 9
1754 771 1971 826 invicem,
1997 771 2111 818 fient
2141 774 2298 829 1800;
2336 769 2508 817 deinde

795 866 1051 928 multiplica
1076 870 1115 919 1,
1142 869 1187 918 8,
1221 870 1267 910 et
1294 868 1315 909 1
1343 861 1559 917 invicem,
1597 861 1711 909 fient
1746 867 1931 908 tantum
1962 863 2027 917 33
2071 875 2157 921 per
2190 875 2295 921 quae
2329 858 2509 921 partire

797 958 930 1007 1800,
956 952 1067 999 fient
1090 951 1200 1006 600,
1226 966 1449 997 numerus
1474 949 1731 996 solidorum
1755 947 2015 995 valentium
2038 953 2069 998 9
2093 953 2353 993 coronatos.

660 1127 825 1188 Itaque
855 1141 1012 1171 omnes
1036 1123 1214 1187 species
1249 1124 1521 1187 regularum
1554 1121 1980 1186 proportionalium
2011 1120 2151 1168 unica
2179 1119 2390 1183 generali
2414 1137 2507 1167 me-

595 1213 747 1268 thodo,
773 1220 819 1259 et
842 1210 1129 1274 operatione,
1156 1210 1615 1274 comprehendimus·

848 1298 924 1343 De
955 1297 1042 1344 hac
1073 1297 1288 1345 doctrina
1318 1298 1667 1353 infinitas‚—ut
1695 1297 1869 1360 regulae
1900 1297 2046 1344 trium
2080 1313 2162 1343 seu
2193 1313 2361 1352 aureae,
2400 1296 2507 1343 sim-

784 1384 931 1447 plicis,
969 1385 1184 1448 duplicis,
1222 1385 1433 1449 quinque
1468 1385 1803 1448 quantitatum,
1830 1401 1911 1431 sex
1935 1384 2270 1447 quantitatum,
2297 1383 2503 1439 directae,

783 1472 990 1527 inversae,
1008 1472 1356 1536 &c.,—species
1374 1481 1421 1521 et
1439 1474 1612 1520 formas
1630 1473 1826 1520 tradunt
1846 1472 2067 1519 authores
2086 1492 2098 1530 ;
2136 1489 2225 1519 nec
2248 1480 2405 1519 tamen
2425 1472 2506 1519 tri-

779 1559 934 1620 plices,
974 1568 1056 1606 aut
1090 1559 1208 1606 alias
1242 1561 1342 1623 ejus
1372 1560 1657 1623 multiplices
1687 1560 1860 1607 formas
1892 1559 2166 1622 attigerunt,
2204 1576 2321 1621 quas
2345 1577 2505 1607 omnes

780 1646 857 1693 hie
880 1646 1084 1693 breviter
1106 1646 1266 1694 habes.

656 1821 814 1882 Atque
846 1821 914 1867 hae
945 1829 1053 1868 sunt
1081 1822 1506 1885 proportionalium
1527 1843 1540 1881 3
1578 1829 1889 1885 sequerentur
1911 1821 2409 1885 disproportionalium
2433 1839 2502 1869 re-

586 1908 737 1970 gulae:
792 1908 884 1956 Sed
917 1908 1030 1971 quia
1062 1908 1149 1964 hae,
1186 1918 1358 1972 praeter-
1391 1909 1765 1973 computationes
1799 1910 2194 1973 proportionatas,
2237 1910 2502 1958 additiones

583 1996 723 2044 etiam
746 2004 793 2043 et
814 1996 1193 2053 substractiones,
1214 2005 1261 2044 et
1279 1997 1395 2045 alias
1413 1997 1786 2061 computationes
1803 1997 2158 2061 proportionem
2180 1998 2501 2047 disturbantes

584 2084 810 2130 immistas
849 2083 1038 2140 habent,
1076 2084 1162 2131 has
1195 2084 1305 2132 ideo
1338 2102 1499 2132 omnes
1534 2085 1700 2133 missas
1736 2085 1950 2140 facimus,
1987 2087 2115 2148 quod
2149 2086 2292 2134 unica
2318 2103 2405 2149 pro
2434 2087 2500 2134 eis

584 2171 796 2219 omnibus
819 2171 1041 2220 inserviet
1062 2171 1200 2221 nobis
1225 2171 1454 2236 Algebra.

840 2259 910 2306 Ut
945 2267 1053 2307 sunt
1088 2259 1335 2323 potissima
1367 2277 1479 2324 pars
1517 2261 1729 2309 omnium
1766 2261 2174 2310 arithmeticamm
2211 2263 2496 2326 regularum,

694 2390 697 2393 .
777 2346 1074 2409 alligationis,
1109 2347 1360 2404 societatis,
1398 2348 1519 2405 falsi,
1559 2348 1731 2412 simpli,
1771 2349 1920 2412 dupli,
1960 2357 2007 2397 et
2037 2350 2239 2398 aliarum
2274 2350 2498 2413 plurima-

776 2451 895 2489 rum,
960 2435 1166 2498 itemque
1220 2436 1633 2484 Geometricarum
1683 2437 2075 2501 propositionum,
2130 2438 2494 2501 problematum,

776 2520 1128 2578 theorematum,
1163 2524 1243 2570 διο.
1277 2540 1396 2586 quae,
1427 2523 1623 2571 confusa
1653 2531 1755 2571 tum
1783 2523 2013 2572 varietate
2041 2531 2143 2572 tum
2170 2525 2492 2581 multitudine,

776 2609 1047 2657 memoriam
1084 2610 1353 2659 disturbant
1372 2611 1543 2671 3—has
1574 2628 1689 2675 ergo
1719 2611 2048 2675 relinquimu8‚
2080 2612 2344 2676 Algebram
2376 2621 2494 2662 trac-

776 2695 934 2744 taturi.
