2878 3900
493 532 544 574 76

1099 525 1187 568 DE
1219 523 1395 568 ARTE
1429 517 1806 564 LOGISTICA.

689 674 838 737 major
866 680 913 720 et
942 671 1108 737 minor,
1141 666 1572 717 denominationem
1595 679 1740 727 quam
1764 662 1983 719 volueris,
2018 663 2223 727 exempli
2246 664 2414 728 gratia,

687 760 814 809 mille
865 758 1070 824 partium
1121 756 1388 813 habentes;
1456 753 1582 801 inter
1634 767 1752 815 quos
1798 767 1911 799 vcra
1955 750 2233 815 tripartiens
2278 752 2417 801 radix

684 850 882 897 duarum
930 845 1190 901 tertiarum,
1240 860 1322 891 seu
1370 844 1483 907 Ι-ἕι,
1532 840 1847 889 contineatur.
1936 839 2262 904 Triplicatum
2301 858 2416 906 ergo

683 937 809 984 mille
847 934 1067 999 partium,
1111 933 1240 997 quod
1279 940 1350 979 est
1395 934 1733 985 1000000000,
1777 928 2045 993 multiplica
2083 946 2171 993 per
2210 935 2256 986 2,
2300 930 2415 979 fient

682 1029 1037 1081 20000000003
1075 1039 1182 1085 quae
1211 1020 1390 1085 partire
1420 1036 1506 1084 per
1536 1023 1582 1075 3,
1616 1025 1664 1067 et
1694 1018 1809 1066 fient
1839 1016 2202 1084 66666666633
2240 1018 2414 1067 horum

681 1112 816 1159 radix
847 1110 1118 1175 tripartiens
1148 1109 1304 1157 minor
1333 1116 1403 1156 est
1433 1111 1543 1164 873,
1578 1114 1625 1155 et
1654 1107 1808 1170 major
1838 1114 1910 1155 est
1945 1112 2056 1165 874,
2096 1106 2271 1171 quibus
2305 1108 2412 1157 sub-

679 1200 915 1248 scribatur
954 1199 1129 1247 electus
1170 1197 1501 1246 dcnominator
1541 1200 1681 1252 1000,
1726 1195 1936 1259 fientque
1975 1196 2110 1263 1362036
2149 1196 2320 1254 minor,
2364 1206 2412 1245 et

678 1288 808 1354 1367646
847 1289 996 1351 major
1037 1286 1267 1335 terminus
1307 1284 1482 1334 radicis
1526 1284 1842 1348 tripartientis
1889 1285 2094 1335 duarum
2141 1285 2407 1343 tertiarum,

679 1395 759 1424 seu
795 1380 887 1442 Ι-ζι
922 1376 1146 1439 quaesitae.

549 1552 729 1600 Ultimo
768 1553 991 1608 omnium,
1035 1552 1300 1608 fractiones,
1346 1567 1551 1615 quarum
1588 1558 1866 1599 numerator
1906 1551 2094 1600 excedit
2133 1553 2408 1602 denominae

483 1649 643 1697 torem,
682 1642 742 1689 ad
779 1642 984 1705 integros
1021 1658 1242 1689 numeros
1279 1640 1583 1688 restituendae
1619 1647 1731 1688 sunt
1764 1640 2019 1704 partiendo
2052 1650 2407 1692 numeratorem

481 1746 563 1792 per
602 1730 1015 1786 denominatorem,
1065 1738 1117 1778 ut
1162 1730 1262 1778 fuse
1308 1729 1435 1785 satis,
1484 1729 1534 1776 in
1580 1729 1675 1777 fine
1718 1728 1857 1778 Libri
1900 1730 2066 1788 Primi,
2115 1732 2406 1796 explicatum

480 1825 561 1864 est.

741 1907 806 1955 Ut
837 1907 875 1954 si
906 1924 962 1954 ex
994 1907 1368 1970 praecedentibus
1400 1906 1623 1970 operibus
1653 1906 1926 1971 provenerit
1956 1907 2127 1956 fmctio
2161 1911 2270 1985 Ἢ,
2298 1926 2406 1958 con-

672 1994 790 2059 tinet
818 1994 919 2042 haec
949 1994 1116 2043 fractio
1146 1995 1355 2060 integros
1386 2012 1472 2059 per
1502 2012 1620 2059 quos
1655 1995 1816 2043 danda
1849 2003 1921 2044 est
1955 1996 2127 2046 ultima
2159 1999 2405 2062 responsio

669 2082 823 2145 potius
846 2085 986 2146 quam
1015 2100 1099 2147 per
1128 2084 1315 2132 fractos.
1385 2083 1683 2132 Dividantur
1713 2102 1827 2149 ergo
1857 2084 1955 2134 562
1986 2103 2073 2150 per
2100 2091 2175 2143 18,
2210 2095 2258 2135 et
2287 2088 2404 2137 fient

666 2175 722 2217 31
760 2171 807 2217 in
839 2179 995 2234 quoto,
1034 2180 1081 2220 et
1110 2172 1447 2236 relinquuntur
1476 2178 1522 2229 4,
1561 2190 1668 2236 quae
1698 2181 1810 2221 sunt
1839 2176 1921 2240 ᾗ,
1956 2191 2040 2223 seu
2067 2177 2133 2240 ὅ,
2173 2177 2315 2234 unde,
2342 2195 2401 2226 ex

668 2261 763 2306 tota
798 2259 1070 2308 reductione
1110 2261 1393 2325 proveniunt
1427 2263 1538 2326 318²,
1582 2278 1689 2325 quae
1725 2271 1837 2311 sunt
1871 2267 1931 2312 31
1971 2262 2163 2329 integri,
2206 2272 2254 2313 et
2290 2267 2399 2314 duae

668 2363 859 2395 novenae
893 2348 1102 2398 unitatis,

1169 2631 1440 2687 CAPUT
1508 2633 1679 2689 XIV.

804 2808 878 2847 DE
910 2809 1157 2850 REGULIS
1187 2812 1623 2855 PROPORTIONIS
1653 2815 2061 2856 FRACTIONUM.

537 2966 592 3012 ΙΝ
621 2967 794 3030 regulis
817 2969 1133 3033 proportionis
1156 2971 1454 3030 fractionum,
1479 2976 1787 3024 observandae
1811 2985 1923 3026 sunt
1945 2978 2065 3026 situs
2088 2986 2136 3027 et
2159 2980 2387 3044 operatio·

537 3054 593 3100 ln
624 3054 709 3110 his,
742 3055 859 3103 situs
889 3066 1244 3107 numeratorum
1274 3059 1400 3108 idem
1429 3070 1514 3118 est,
1552 3063 1636 3126 qui
1665 3072 1713 3113 et
1741 3065 2030 3130 generaliter
2063 3068 2388 3132 quantitatum

470 3142 633 3204 capitis
663 3143 817 3206 quinti
850 3145 987 3194 Libri
1017 3146 1199 3207 Primi3
1237 3149 1647 3200 denominatorum
1676 3155 1789 3202 vero
1816 3155 2117 3218 contrarius3
2155 3157 2227 3206 ita
2259 3166 2313 3206 ut
2347 3158 2388 3206 si

468 3239 735 3278 numerator
777 3232 865 3281 hae
909 3233 1012 3298 lege
1056 3234 1183 3284 infra
1226 3235 1400 3286 lineam
1444 3239 1682 3298 ceciderit,
1731 3242 2062 3293 denominatur
2105 3244 2384 3304 invertetur,
