2878 3900
1002 521 1088 562 DE
1124 521 1298 563 ARTE
1332 521 1711 565 LOGISTICA.
2272 531 2323 570 13

455 665 621 713 Habes
658 665 818 728 itaque
857 682 916 713 ex
951 665 1168 721 radicati,
1211 665 1398 722 indicis,
1439 674 1487 714 et
1515 666 1706 724 radicis,
1741 667 1926 716 duabus
1956 667 2317 732 quibuscunque

386 752 524 808 datis,
565 752 755 801 tertiam
794 770 880 817 per
918 752 1150 802 radicales
1189 753 1648 818 multiplicationem,
1690 755 2011 819 partitionem,
2054 763 2101 804 et
2138 764 2318 805 extrac-

385 840 575 888 tionem.

1148 1076 1423 1131 CAPUT
1479 1078 1549 1131 V.

818 1234 895 1271 DE
926 1233 1494 1273 COMPUTATIONIBUS
1525 1234 1882 1274 COMPOSITIS.

452 1371 738 1424 HUCUSQUE
787 1369 1162 1433 computationes
1207 1369 1478 1433 simplices3
1531 1379 1796 1434 sequuntur
1827 1373 2096 1436 compositae
2131 1390 2213 1421 seu
2244 1392 2312 1422 re-

382 1458 519 1521 gulae.

449 1634 726 1698 Composita
759 1641 830 1681 est
865 1632 1154 1697 computatio
1183 1649 1289 1696 quae
1313 1650 1372 1680 ex
1393 1633 1612 1697 pluribus
1636 1634 1982 1698 quantitatibus
2006 1636 2144 1692 datis,
2173 1644 2314 1699 atque

380 1722 595 1785 pluribus
619 1728 666 1769 et
689 1720 1020 1769 diversimodis
1044 1720 1411 1784 operationibus,
1440 1722 1687 1785 quaesitam
1708 1723 1944 1786 producit.

448 1809 734 1873 Compositae
769 1808 1158 1872 computationeS,
1193 1825 1278 1856 seu
1303 1809 1495 1872 regulae,
1527 1810 1603 1858 vel
1630 1817 1741 1858 sunt
1767 1810 2206 1874 proportionalium,
2241 1813 2316 1859 vel

381 1897 895 1961 disproportionalium.

449 1986 649 2050 Regulae
675 1985 1103 2050 proportionalium
1133 1993 1257 2041 sunt,
1292 2002 1398 2048 quae
1420 2001 1505 2048 per
1529 1985 1650 2032 solas
1673 1985 2047 2048 computationes
2078 1987 2312 2050 simplices

380 2075 776 2138 proportionatas,
803 2075 983 2122 scilicet
1005 2074 1423 2139 multiplicationes
1454 2081 1501 2122 et
1529 2074 1823 2138 partitioneS‚
1850 2075 2166 2137 quantitatem
2189 2093 2312 2138 quae-

380 2162 519 2210 sitam
542 2180 601 2210 ex
622 2162 840 2226 pluribus
864 2162 988 2209 datis
1010 2162 1275 2210 inveniunt.

642 2251 714 2298 Ut
748 2250 789 2297 si
824 2257 1078 2313 quaeratur,
1116 2250 1156 2297 is
1192 2250 1276 2312 qui
1310 2249 1463 2297 tribus
1497 2249 1628 2296 horis
1660 2256 1864 2312 quatuor
1886 2250 2095 2297 miliaria
2115 2250 2307 2307 incedit,

578 2355 660 2385 sex
682 2338 813 2385 horis
837 2345 953 2400 quot
975 2337 1185 2385 miliaria
1213 2337 1438 2385 incedet?
1510 2337 1635 2384 Item
1669 2336 1710 2384 si
1745 2354 1826 2384 sex
1859 2338 2001 2385 boves
2034 2337 2311 2385 nutriantur

575 2426 729 2474 tribus
766 2426 1001 2473 mensuris
1037 2426 1154 2474 foeni
1191 2432 1396 2488 quatuor
1432 2425 1614 2481 diebuS,
1655 2434 1990 2489 quaeraturque
2025 2433 2140 2489 quot
2169 2428 2310 2475 boves

575 2514 751 2562 nutriri
773 2521 971 2578 possunt
994 2514 1205 2577 quinque
1227 2513 1463 2561 mensuris
1485 2513 1602 2561 foeni
1625 2514 1810 2561 duobus
1834 2513 2001 2562 diebus
2019 2518 2039 2562 Ρ
2100 2515 2223 2562 Item
2247 2521 2311 2562 ⁶20

577 2602 717 2651 solidi
754 2603 923 2651 Scotiae
958 2610 1068 2650 sunt
1102 2619 1200 2650 una
1231 2602 1370 2658 libra,
1410 2607 1441 2649 2
1463 2602 1598 2650 librae
1622 2609 1732 2649 sunt
1755 2607 1849 2649 tres
1871 2618 2058 2658 marcae,
2085 2608 2116 2649 5
2138 2619 2310 2650 marcae

574 2691 734 2739 valent
756 2691 952 2739 unicum
974 2698 1281 2750 coronatum3
1314 2697 1429 2753 quot
1451 2707 1565 2754 ergo
1586 2689 1760 2737 solidos
1778 2689 2003 2738 valebunt
2022 2695 2051 2743 9
2067 2691 2306 2738 coronati?

507 2810 514 2817 -
578 2778 877 2835 Quaestiones
900 2778 1328 2842 proportionalium
1351 2785 1462 2825 sunt
1486 2779 1664 2840 absque
1682 2776 1778 2824 ulla
1795 2776 2093 2824 additionum
2110 2777 2185 2824 vel
2202 2778 2306 2824 sub-

575 2866 886 2914 stractionum
908 2866 1276 2914 introductione.
1347 2864 1775 2928 Multiplicationes
1799 2864 1926 2912 enim
1955 2871 2002 2911 et
2030 2864 2306 2927 partitiones

577 2960 687 3000 sunt
708 2970 794 3016 per
817 2954 1109 3002 consectaria
1131 2970 1325 3002 suarum
1348 2952 1679 3001 definitionum
1701 2951 2086 3017 proportionales.

446 3129 507 3175 In
528 3127 603 3174 his
627 3134 901 3191 spectantur
924 3127 1041 3175 situs
1065 3135 1113 3176 et
1135 3129 1360 3192 operatio.

446 3216 573 3264 Situs
598 3223 801 3278 quatuor
823 3223 1062 3280 praecepta
1089 3223 1214 3264 sunt.
