<?xml version="1.0" encoding="UTF-8"?>
<!DOCTYPE html PUBLIC "-//W3C//DTD XHTML 1.0 Transitional//EN"
    "http://www.w3.org/TR/xhtml1/DTD/xhtml1-transitional.dtd">
<html xmlns="http://www.w3.org/1999/xhtml" xml:lang="en" lang="en">
 <head>
  <title>
</title>
<meta http-equiv="Content-Type" content="text/html;charset=utf-8" />
  <meta name='ocr-system' content='tesseract 3.04.00' />
  <meta name='ocr-capabilities' content='ocr_page ocr_carea ocr_par ocr_line ocrx_word'/>
</head>
<body>
  <div class='ocr_page' id='page_1' title='image "./deartelogistic6200napiuoft_0181.png"; bbox 0 0 2878 3900; ppageno 0'>
   <div class='ocr_carea' id='block_1_1' title="bbox 1064 475 2394 524">
    <p class='ocr_par' dir='ltr' id='par_1_1' title="bbox 1064 475 2394 524">
     <span class='ocr_line' id='line_1_1' title="bbox 1064 475 2394 524; baseline 0.002 -2"><span class='ocrx_word' id='word_1_1' title='bbox 1064 479 1153 522; x_wconf 93' lang='lat' dir='ltr'><strong>DE</strong></span> <span class='ocrx_word' id='word_1_2' title='bbox 1187 479 1363 523; x_wconf 88' lang='lat' dir='ltr'><strong>ARTE</strong></span> <span class='ocrx_word' id='word_1_3' title='bbox 1398 475 1777 524; x_wconf 90' lang='lat' dir='ltr'>LOGISTICA.</span> <span class='ocrx_word' id='word_1_4' title='bbox 2340 486 2394 524; x_wconf 87' lang='lat'><strong>59</strong></span> 
     </span>
    </p>
   </div>
   <div class='ocr_carea' id='block_1_2' title="bbox 935 626 1698 692">
    <p class='ocr_par' dir='ltr' id='par_1_2' title="bbox 935 626 1698 692">
     <span class='ocr_line' id='line_1_2' title="bbox 935 626 1698 692; baseline 0.001 -17"><span class='ocrx_word' id='word_1_5' title='bbox 935 626 1082 675; x_wconf 89' lang='lat' dir='ltr'><strong>etiam</strong></span> <span class='ocrx_word' id='word_1_6' title='bbox 1125 628 1153 674; x_wconf 76' lang='lat' dir='ltr'><strong>a</strong></span> <span class='ocrx_word' id='word_1_7' title='bbox 1197 627 1415 692; x_wconf 85' lang='lat' dir='ltr'>margine</span> <span class='ocrx_word' id='word_1_8' title='bbox 1452 627 1600 685; x_wconf 88' lang='lat' dir='ltr'><strong>vides,</strong></span> <span class='ocrx_word' id='word_1_9' title='bbox 1650 635 1698 676; x_wconf 90' lang='lat' dir='ltr'><strong>et</strong></span> 
     </span>
    </p>
   </div>
   <div class='ocr_carea' id='block_1_3' title="bbox 654 968 801 975">
    <p class='ocr_par' dir='ltr' id='par_1_3' title="bbox 654 968 801 975">
     <span class='ocr_line' id='line_1_3' title="bbox 654 968 801 975; baseline 0 2925"><span class='ocrx_word' id='word_1_10' title='bbox 654 968 801 975; x_wconf 95' lang='lat' dir='ltr'><strong> </strong></span> 
     </span>
    </p>
   </div>
   <div class='ocr_carea' id='block_1_4' title="bbox 643 682 2383 1403">
    <p class='ocr_par' dir='ltr' id='par_1_4' title="bbox 643 682 2383 1403">
     <span class='ocr_line' id='line_1_4' title="bbox 699 682 1928 781; baseline 0.001 -17"><span class='ocrx_word' id='word_1_11' title='bbox 699 682 779 778; x_wconf 74' lang='lat'><strong>230</strong></span> <span class='ocrx_word' id='word_1_12' title='bbox 933 715 1142 780; x_wconf 82' lang='lat' dir='ltr'><strong>reperies</strong></span> <span class='ocrx_word' id='word_1_13' title='bbox 1191 716 1335 781; x_wconf 84' lang='lat' dir='ltr'><strong>hujus</strong></span> <span class='ocrx_word' id='word_1_14' title='bbox 1392 715 1696 781; x_wconf 89' lang='lat' dir='ltr'><strong>bipartientis</strong></span> <span class='ocrx_word' id='word_1_15' title='bbox 1878 738 1928 774; x_wconf 90' lang='lat'><strong>20</strong></span> 
     </span>
     <span class='ocr_line' id='line_1_5' title="bbox 671 782 2044 890; baseline 0 -36"><span class='ocrx_word' id='word_1_16' title='bbox 671 782 804 883; x_wconf 43' lang='grc' dir='ltr'><strong>ἔπῃ</strong></span> <span class='ocrx_word' id='word_1_17' title='bbox 932 805 1273 870; x_wconf 87' lang='lat' dir='ltr'><strong>bipartientem</strong></span> <span class='ocrx_word' id='word_1_18' title='bbox 1329 805 1542 854; x_wconf 88' lang='lat' dir='ltr'><strong>radicem</strong></span> <span class='ocrx_word' id='word_1_19' title='bbox 1595 822 1696 854; x_wconf 87' lang='lat' dir='ltr'><strong>esse</strong></span> <span class='ocrx_word' id='word_1_20' title='bbox 1873 791 1927 890; x_wconf 54' lang='grc' dir='ltr'><strong>ΞΤ)</strong></span> <span class='ocrx_word' id='word_1_21' title='bbox 2021 855 2044 890; x_wconf 89' lang='lat'><strong>3</strong></span> 
     </span>
     <span class='ocr_line' id='line_1_6' title="bbox 643 891 2045 965; baseline 0.001 -23"><span class='ocrx_word' id='word_1_22' title='bbox 643 891 804 954; x_wconf 59' lang='grc' dir='ltr'><strong>’ῖὲἶ</strong></span> <span class='ocrx_word' id='word_1_23' title='bbox 932 898 1044 951; x_wconf 69' lang='lat'><strong><em>235,</em></strong></span> <span class='ocrx_word' id='word_1_24' title='bbox 1094 911 1202 958; x_wconf 86' lang='lat' dir='ltr'><strong>quae</strong></span> <span class='ocrx_word' id='word_1_25' title='bbox 1248 894 1394 943; x_wconf 90' lang='lat' dir='ltr'><strong>etiam</strong></span> <span class='ocrx_word' id='word_1_26' title='bbox 1438 901 1509 943; x_wconf 90' lang='lat' dir='ltr'><strong>est</strong></span> <span class='ocrx_word' id='word_1_27' title='bbox 1553 894 1695 943; x_wconf 82' lang='lat' dir='ltr'>radix</span> <span class='ocrx_word' id='word_1_28' title='bbox 1829 908 1938 964; x_wconf 74' lang='grc'><strong>-3-</strong></span> <span class='ocrx_word' id='word_1_29' title='bbox 1991 908 2045 965; x_wconf 53' lang='lat' dir='ltr'>j</span> 
     </span>
     <span class='ocr_line' id='line_1_7' title="bbox 669 967 2383 1077; baseline 0.001 -46"><span class='ocrx_word' id='word_1_30' title='bbox 669 980 747 1077; x_wconf 55' lang='lat'><strong>“1¹²9</strong></span> <span class='ocrx_word' id='word_1_31' title='bbox 931 983 1334 1048; x_wconf 87' lang='lat' dir='ltr'><strong>quadrupartiens</strong></span> <span class='ocrx_word' id='word_1_32' title='bbox 1387 990 1564 1048; x_wconf 87' lang='lat' dir='ltr'><strong>optata,</strong></span> <span class='ocrx_word' id='word_1_33' title='bbox 1618 1001 1691 1032; x_wconf 83' lang='lat' dir='ltr'><strong>ra-</strong></span> <span class='ocrx_word' id='word_1_34' title='bbox 1851 971 1924 1007; x_wconf 88' lang='lat'><strong>120</strong></span> <span class='ocrx_word' id='word_1_35' title='bbox 2017 971 2053 1010; x_wconf 86' lang='lat'><strong>9·</strong></span> <span class='ocrx_word' id='word_1_36' title='bbox 2068 967 2383 1072; x_wconf 49' lang='lat' dir='ltr'><strong>suffiffiffffwm</strong></span> 
     </span>
     <span class='ocr_line' id='line_1_8' title="bbox 695 1071 1924 1130; baseline -0.001 -9"><span class='ocrx_word' id='word_1_37' title='bbox 695 1082 800 1130; x_wconf 71' lang='lat'><strong>2325</strong></span> <span class='ocrx_word' id='word_1_38' title='bbox 930 1071 1080 1121; x_wconf 85' lang='lat' dir='ltr'><strong>dicati</strong></span> <span class='ocrx_word' id='word_1_39' title='bbox 1138 1071 1470 1127; x_wconf 70' lang='lat'>3049800625</span> <span class='ocrx_word' id='word_1_40' title='bbox 1528 1072 1690 1121; x_wconf 89' lang='lat' dir='ltr'><strong>oblati.</strong></span> <span class='ocrx_word' id='word_1_41' title='bbox 1847 1077 1924 1114; x_wconf 88' lang='lat'><strong>230</strong></span> 
     </span>
     <span class='ocr_line' id='line_1_9' title="bbox 930 1130 2038 1230; baseline -0.001 -21"><span class='ocrx_word' id='word_1_42' title='bbox 930 1160 1096 1226; x_wconf 86' lang='lat' dir='ltr'><strong>Atque</strong></span> <span class='ocrx_word' id='word_1_43' title='bbox 1165 1159 1235 1209; x_wconf 92' lang='lat' dir='ltr'><strong>ita</strong></span> <span class='ocrx_word' id='word_1_44' title='bbox 1289 1160 1342 1208; x_wconf 92' lang='lat' dir='ltr'><strong>in</strong></span> <span class='ocrx_word' id='word_1_45' title='bbox 1398 1160 1692 1209; x_wconf 81' lang='lat' dir='ltr'><strong>extractione</strong></span> <span class='ocrx_word' id='word_1_46' title='bbox 1825 1130 1932 1230; x_wconf 36' lang='grc' dir='ltr'>ᾗ</span> <span class='ocrx_word' id='word_1_47' title='bbox 2015 1194 2038 1230; x_wconf 88' lang='lat'><strong><em>5</em></strong></span> 
     </span>
     <span class='ocr_line' id='line_1_10' title="bbox 927 1246 2038 1314; baseline 0 -17"><span class='ocrx_word' id='word_1_48' title='bbox 927 1248 1146 1297; x_wconf 82' lang='lat' dir='ltr'><strong>radicum</strong></span> <span class='ocrx_word' id='word_1_49' title='bbox 1220 1249 1687 1314; x_wconf 82' lang='lat' dir='ltr'><strong>sextupartientium,</strong></span> <span class='ocrx_word' id='word_1_50' title='bbox 1820 1247 1930 1306; x_wconf 67' lang='lat'><strong>-5—</strong></span> <span class='ocrx_word' id='word_1_51' title='bbox 1982 1246 2038 1304; x_wconf 73' lang='lat'><strong>—5</strong></span> 
     </span>
     <span class='ocr_line' id='line_1_11' title="bbox 926 1306 2381 1403; baseline -0.001 -16"><span class='ocrx_word' id='word_1_52' title='bbox 926 1337 1366 1403; x_wconf 84' lang='lat' dir='ltr'><strong>octupartientium,</strong></span> <span class='ocrx_word' id='word_1_53' title='bbox 1448 1354 1690 1403; x_wconf 89' lang='lat' dir='ltr'><strong>nonupar-</strong></span> <span class='ocrx_word' id='word_1_54' title='bbox 1819 1310 1923 1346; x_wconf 70' lang='lat'><strong>23⁰⁰</strong></span> <span class='ocrx_word' id='word_1_55' title='bbox 1989 1306 2381 1398; x_wconf 43' lang='lat' dir='ltr'><strong>25.Su51212151111(1ss1ssum</strong></span> 
     </span>
    </p>
   </div>
   <div class='ocr_carea' id='block_1_5' title="bbox 923 1426 1689 1670">
    <p class='ocr_par' dir='ltr' id='par_1_5' title="bbox 923 1426 1689 1670">
     <span class='ocr_line' id='line_1_12' title="bbox 925 1426 1689 1490; baseline 0.001 -16"><span class='ocrx_word' id='word_1_56' title='bbox 925 1426 1163 1483; x_wconf 88' lang='lat' dir='ltr'><strong>tientium,</strong></span> <span class='ocrx_word' id='word_1_57' title='bbox 1224 1433 1272 1475; x_wconf 91' lang='lat' dir='ltr'><strong>et</strong></span> <span class='ocrx_word' id='word_1_58' title='bbox 1325 1426 1529 1475; x_wconf 86' lang='lat' dir='ltr'><strong>aliarum</strong></span> <span class='ocrx_word' id='word_1_59' title='bbox 1575 1444 1689 1490; x_wconf 91' lang='lat' dir='ltr'><strong>qua-</strong></span> 
     </span>
     <span class='ocr_line' id='line_1_13' title="bbox 923 1515 1686 1580; baseline 0 -16"><span class='ocrx_word' id='word_1_60' title='bbox 923 1532 1224 1580; x_wconf 91' lang='lat' dir='ltr'><strong>rumcunque</strong></span> <span class='ocrx_word' id='word_1_61' title='bbox 1298 1515 1686 1580; x_wconf 85' lang='lat' dir='ltr'><strong>compositarum,</strong></span> 
     </span>
     <span class='ocr_line' id='line_1_14' title="bbox 923 1603 1212 1670; baseline -0.003 -17"><span class='ocrx_word' id='word_1_62' title='bbox 923 1603 1212 1670; x_wconf 77' lang='lat' dir='ltr'><strong>operaberis.</strong></span> 
     </span>
    </p>
   </div>
   <div class='ocr_carea' id='block_1_6' title="bbox 1183 1886 1629 1942">
    <p class='ocr_par' dir='ltr' id='par_1_6' title="bbox 1183 1886 1629 1942">
     <span class='ocr_line' id='line_1_15' title="bbox 1183 1886 1629 1942; baseline 0 -1"><span class='ocrx_word' id='word_1_63' title='bbox 1183 1886 1460 1942; x_wconf 89' lang='lat' dir='ltr'>CAPUT</span> <span class='ocrx_word' id='word_1_64' title='bbox 1517 1886 1629 1941; x_wconf 89' lang='lat' dir='ltr'><strong>IX.</strong></span> 
     </span>
    </p>
   </div>
   <div class='ocr_carea' id='block_1_7' title="bbox 555 2057 2248 2100">
    <p class='ocr_par' dir='ltr' id='par_1_7' title="bbox 555 2057 2248 2100">
     <span class='ocr_line' id='line_1_16' title="bbox 555 2057 2248 2100; baseline -0.003 0"><span class='ocrx_word' id='word_1_65' title='bbox 555 2061 633 2100; x_wconf 93' lang='lat' dir='ltr'><strong>DE</strong></span> <span class='ocrx_word' id='word_1_66' title='bbox 663 2061 929 2100; x_wconf 88' lang='lat' dir='ltr'><strong>RATIONE</strong></span> <span class='ocrx_word' id='word_1_67' title='bbox 958 2058 1318 2100; x_wconf 93' lang='lat' dir='ltr'><strong>EMENDANDI</strong></span> <span class='ocrx_word' id='word_1_68' title='bbox 1347 2057 1800 2097; x_wconf 86' lang='lat' dir='ltr'><strong>EXTRACTIONES</strong></span> <span class='ocrx_word' id='word_1_69' title='bbox 1831 2058 2248 2097; x_wconf 90' lang='lat' dir='ltr'><strong>IMPERFECTAS.</strong></span> 
     </span>
    </p>
   </div>
   <div class='ocr_carea' id='block_1_8' title="bbox 426 2207 2374 2454">
    <p class='ocr_par' dir='ltr' id='par_1_8' title="bbox 426 2207 2374 2454">
     <span class='ocr_line' id='line_1_17' title="bbox 495 2207 2374 2276; baseline -0.004 -16"><span class='ocrx_word' id='word_1_70' title='bbox 495 2212 627 2269; x_wconf 77' lang='lat' dir='ltr'><strong>QUAE</strong></span> <span class='ocrx_word' id='word_1_71' title='bbox 659 2219 767 2276; x_wconf 88' lang='lat' dir='ltr'><strong>post</strong></span> <span class='ocrx_word' id='word_1_72' title='bbox 797 2209 1142 2259; x_wconf 85' lang='lat' dir='ltr'><strong>extractionem</strong></span> <span class='ocrx_word' id='word_1_73' title='bbox 1171 2215 1428 2275; x_wconf 84' lang='lat' dir='ltr'><strong>supersunt</strong></span> <span class='ocrx_word' id='word_1_74' title='bbox 1450 2207 1682 2272; x_wconf 79' lang='lat' dir='ltr'><strong>reliquiae,</strong></span> <span class='ocrx_word' id='word_1_75' title='bbox 1708 2214 2131 2272; x_wconf 90' lang='lat' dir='ltr'><strong>quantumcunque</strong></span> <span class='ocrx_word' id='word_1_76' title='bbox 2153 2207 2374 2254; x_wconf 90' lang='lat' dir='ltr'><strong>irresolu-</strong></span> 
     </span>
     <span class='ocr_line' id='line_1_18' title="bbox 426 2295 2169 2364; baseline -0.002 -16"><span class='ocrx_word' id='word_1_77' title='bbox 426 2299 546 2348; x_wconf 89' lang='lat' dir='ltr'><strong>biles</strong></span> <span class='ocrx_word' id='word_1_78' title='bbox 571 2301 731 2364; x_wconf 90' lang='lat' dir='ltr'><strong>quoad</strong></span> <span class='ocrx_word' id='word_1_79' title='bbox 753 2307 922 2356; x_wconf 88' lang='lat' dir='ltr'><strong>totum,</strong></span> <span class='ocrx_word' id='word_1_80' title='bbox 948 2306 1110 2348; x_wconf 90' lang='lat' dir='ltr'><strong>tamen</strong></span> <span class='ocrx_word' id='word_1_81' title='bbox 1134 2317 1191 2348; x_wconf 87' lang='lat' dir='ltr'><strong>ex</strong></span> <span class='ocrx_word' id='word_1_82' title='bbox 1215 2305 1352 2364; x_wconf 91' lang='lat' dir='ltr'><strong>parte</strong></span> <span class='ocrx_word' id='word_1_83' title='bbox 1376 2314 1460 2345; x_wconf 89' lang='lat' dir='ltr'><strong>seu</strong></span> <span class='ocrx_word' id='word_1_84' title='bbox 1481 2296 1661 2361; x_wconf 86' lang='lat' dir='ltr'><strong>partim</strong></span> <span class='ocrx_word' id='word_1_85' title='bbox 1682 2295 1934 2344; x_wconf 86' lang='lat' dir='ltr'><strong>reformari</strong></span> <span class='ocrx_word' id='word_1_86' title='bbox 1956 2303 2169 2360; x_wconf 88' lang='lat' dir='ltr'><strong>possunt.</strong></span> 
     </span>
     <span class='ocr_line' id='line_1_19' title="bbox 495 2384 2370 2454; baseline -0.003 -17"><span class='ocrx_word' id='word_1_87' title='bbox 495 2389 591 2452; x_wconf 65' lang='lat' dir='ltr'><strong>Hae</strong></span> <span class='ocrx_word' id='word_1_88' title='bbox 623 2396 783 2437; x_wconf 92' lang='lat' dir='ltr'><strong>autem</strong></span> <span class='ocrx_word' id='word_1_89' title='bbox 813 2388 1091 2454; x_wconf 88' lang='lat' dir='ltr'><strong>superstites</strong></span> <span class='ocrx_word' id='word_1_90' title='bbox 1112 2387 1346 2452; x_wconf 64' lang='lat' dir='ltr'><strong>reliquiae,</strong></span> <span class='ocrx_word' id='word_1_91' title='bbox 1371 2386 1468 2434; x_wconf 88' lang='lat' dir='ltr'><strong>nisi</strong></span> <span class='ocrx_word' id='word_1_92' title='bbox 1490 2403 1550 2434; x_wconf 87' lang='lat' dir='ltr'><strong>ex</strong></span> <span class='ocrx_word' id='word_1_93' title='bbox 1571 2392 1709 2450; x_wconf 91' lang='lat' dir='ltr'><strong>parte</strong></span> <span class='ocrx_word' id='word_1_94' title='bbox 1732 2402 1816 2433; x_wconf 89' lang='lat' dir='ltr'><strong>seu</strong></span> <span class='ocrx_word' id='word_1_95' title='bbox 1838 2384 2016 2449; x_wconf 91' lang='lat' dir='ltr'><strong>partim</strong></span> <span class='ocrx_word' id='word_1_96' title='bbox 2038 2386 2370 2440; x_wconf 87' lang='lat' dir='ltr'><strong>reformentur,</strong></span> 
     </span>
    </p>
   </div>
   <div class='ocr_carea' id='block_1_9' title="bbox 424 2476 2371 2629">
    <p class='ocr_par' dir='ltr' id='par_1_9' title="bbox 424 2476 2371 2629">
     <span class='ocr_line' id='line_1_20' title="bbox 424 2476 1843 2542; baseline -0.001 -16"><span class='ocrx_word' id='word_1_97' title='bbox 424 2495 635 2527; x_wconf 88' lang='lat' dir='ltr'><strong>errorem</strong></span> <span class='ocrx_word' id='word_1_98' title='bbox 656 2478 940 2542; x_wconf 89' lang='lat' dir='ltr'><strong>plerumque</strong></span> <span class='ocrx_word' id='word_1_99' title='bbox 964 2477 1239 2526; x_wconf 89' lang='lat' dir='ltr'><strong>sensibilem</strong></span> <span class='ocrx_word' id='word_1_100' title='bbox 1261 2476 1473 2541; x_wconf 86' lang='lat' dir='ltr'><strong>pariunt.</strong></span> <span class='ocrx_word' id='word_1_101' title='bbox 1838 2531 1843 2536; x_wconf 43' lang='lat'><em>‚</em></span> 
     </span>
     <span class='ocr_line' id='line_1_21' title="bbox 491 2563 2371 2629; baseline -0.003 -14"><span class='ocrx_word' id='word_1_102' title='bbox 491 2566 740 2616; x_wconf 90' lang='lat' dir='ltr'><strong>Sensibilis</strong></span> <span class='ocrx_word' id='word_1_103' title='bbox 779 2566 958 2616; x_wconf 84' lang='lat' dir='ltr'><strong>radicis</strong></span> <span class='ocrx_word' id='word_1_104' title='bbox 999 2574 1046 2615; x_wconf 88' lang='lat' dir='ltr'><strong>et</strong></span> <span class='ocrx_word' id='word_1_105' title='bbox 1087 2583 1283 2614; x_wconf 90' lang='lat' dir='ltr'><strong>suarum</strong></span> <span class='ocrx_word' id='word_1_106' title='bbox 1322 2564 1639 2629; x_wconf 81' lang='lat' dir='ltr'><strong>reliquiarum</strong></span> <span class='ocrx_word' id='word_1_107' title='bbox 1679 2580 1814 2612; x_wconf 90' lang='lat' dir='ltr'><strong>error</strong></span> <span class='ocrx_word' id='word_1_108' title='bbox 1852 2564 2023 2612; x_wconf 88' lang='lat' dir='ltr'><strong>duobis</strong></span> <span class='ocrx_word' id='word_1_109' title='bbox 2059 2563 2213 2612; x_wconf 89' lang='lat' dir='ltr'><strong>modis</strong></span> <span class='ocrx_word' id='word_1_110' title='bbox 2254 2579 2371 2626; x_wconf 87' lang='lat' dir='ltr'><strong>prae-</strong></span> 
     </span>
    </p>
   </div>
   <div class='ocr_carea' id='block_1_10' title="bbox 421 2655 2369 2986">
    <p class='ocr_par' dir='ltr' id='par_1_10' title="bbox 423 2655 908 2720">
     <span class='ocr_line' id='line_1_22' title="bbox 423 2655 908 2720; baseline 0 -16"><span class='ocrx_word' id='word_1_111' title='bbox 423 2655 577 2720; x_wconf 89' lang='lat' dir='ltr'><strong>cipuis</strong></span> <span class='ocrx_word' id='word_1_112' title='bbox 611 2657 908 2704; x_wconf 86' lang='lat' dir='ltr'><strong>emendatur.</strong></span> 
     </span>
    </p>

    <p class='ocr_par' dir='ltr' id='par_1_11' title="bbox 421 2742 2369 2986">
     <span class='ocr_line' id='line_1_23' title="bbox 490 2742 2369 2810; baseline -0.003 -19"><span class='ocrx_word' id='word_1_113' title='bbox 490 2744 629 2792; x_wconf 91' lang='lat' dir='ltr'><strong>Prior</strong></span> <span class='ocrx_word' id='word_1_114' title='bbox 666 2752 750 2801; x_wconf 88' lang='lat' dir='ltr'><strong>est,</strong></span> <span class='ocrx_word' id='word_1_115' title='bbox 792 2752 901 2809; x_wconf 91' lang='lat' dir='ltr'><strong>post</strong></span> <span class='ocrx_word' id='word_1_116' title='bbox 940 2745 1153 2793; x_wconf 92' lang='lat' dir='ltr'><strong>radicem</strong></span> <span class='ocrx_word' id='word_1_117' title='bbox 1192 2743 1524 2810; x_wconf 86' lang='lat' dir='ltr'><strong>imperfectam</strong></span> <span class='ocrx_word' id='word_1_118' title='bbox 1559 2742 1778 2791; x_wconf 88' lang='lat' dir='ltr'><strong>ducendo</strong></span> <span class='ocrx_word' id='word_1_119' title='bbox 1812 2742 2003 2798; x_wconf 89' lang='lat' dir='ltr'><strong>lineam,</strong></span> <span class='ocrx_word' id='word_1_120' title='bbox 2042 2758 2189 2804; x_wconf 88' lang='lat' dir='ltr'><strong>supra</strong></span> <span class='ocrx_word' id='word_1_121' title='bbox 2225 2757 2369 2804; x_wconf 90' lang='lat' dir='ltr'><strong>quam</strong></span> 
     </span>
     <span class='ocr_line' id='line_1_24' title="bbox 422 2829 2368 2898; baseline -0.003 -17"><span class='ocrx_word' id='word_1_122' title='bbox 422 2832 695 2882; x_wconf 86' lang='lat' dir='ltr'><strong>scribantur</strong></span> <span class='ocrx_word' id='word_1_123' title='bbox 738 2833 972 2898; x_wconf 87' lang='lat' dir='ltr'><strong>reliquiae,</strong></span> <span class='ocrx_word' id='word_1_124' title='bbox 1025 2833 1154 2881; x_wconf 83' lang='lat' dir='ltr'><strong>infra</strong></span> <span class='ocrx_word' id='word_1_125' title='bbox 1197 2833 1311 2881; x_wconf 79' lang='lat' dir='ltr'><strong>vero</strong></span> <span class='ocrx_word' id='word_1_126' title='bbox 1357 2831 1743 2896; x_wconf 86' lang='lat' dir='ltr'><strong>supplementum</strong></span> <span class='ocrx_word' id='word_1_127' title='bbox 1788 2830 2000 2886; x_wconf 86' lang='lat' dir='ltr'><strong>unitatis,</strong></span> <span class='ocrx_word' id='word_1_128' title='bbox 2053 2829 2239 2893; x_wconf 85' lang='lat' dir='ltr'><strong>integer</strong></span> <span class='ocrx_word' id='word_1_129' title='bbox 2284 2845 2368 2893; x_wconf 89' lang='lat' dir='ltr'><strong>pro</strong></span> 
     </span>
     <span class='ocr_line' id='line_1_25' title="bbox 421 2917 2366 2986; baseline -0.003 -16"><span class='ocrx_word' id='word_1_130' title='bbox 421 2922 606 2970; x_wconf 90' lang='lat' dir='ltr'><strong>minore</strong></span> <span class='ocrx_word' id='word_1_131' title='bbox 625 2922 844 2979; x_wconf 88' lang='lat' dir='ltr'><strong>termino,</strong></span> <span class='ocrx_word' id='word_1_132' title='bbox 866 2929 914 2970; x_wconf 94' lang='lat' dir='ltr'><strong>et</strong></span> <span class='ocrx_word' id='word_1_133' title='bbox 932 2921 1118 2971; x_wconf 90' lang='lat' dir='ltr'><strong>unitate</strong></span> <span class='ocrx_word' id='word_1_134' title='bbox 1139 2921 1355 2970; x_wconf 87' lang='lat' dir='ltr'><strong>minutus</strong></span> <span class='ocrx_word' id='word_1_135' title='bbox 1378 2938 1466 2986; x_wconf 91' lang='lat' dir='ltr'><strong>pro</strong></span> <span class='ocrx_word' id='word_1_136' title='bbox 1488 2922 1669 2985; x_wconf 88' lang='lat' dir='ltr'><strong>majore</strong></span> <span class='ocrx_word' id='word_1_137' title='bbox 1687 2941 1700 2981; x_wconf 90' lang='lat'>;</span> <span class='ocrx_word' id='word_1_138' title='bbox 1731 2920 1858 2968; x_wconf 91' lang='lat' dir='ltr'><strong>inter</strong></span> <span class='ocrx_word' id='word_1_139' title='bbox 1879 2919 1966 2967; x_wconf 88' lang='lat' dir='ltr'><strong>hos</strong></span> <span class='ocrx_word' id='word_1_140' title='bbox 1990 2918 2118 2966; x_wconf 91' lang='lat' dir='ltr'><strong>enim</strong></span> <span class='ocrx_word' id='word_1_141' title='bbox 2140 2917 2366 2967; x_wconf 90' lang='lat' dir='ltr'><strong>terminos</strong></span> 
     </span>
    </p>
   </div>
   <div class='ocr_carea' id='block_1_11' title="bbox 419 3006 2364 3253">
    <p class='ocr_par' dir='ltr' id='par_1_12' title="bbox 419 3006 2364 3253">
     <span class='ocr_line' id='line_1_26' title="bbox 419 3006 2054 3075; baseline -0.003 -16"><span class='ocrx_word' id='word_1_142' title='bbox 419 3012 536 3059; x_wconf 89' lang='lat' dir='ltr'><strong>latet</strong></span> <span class='ocrx_word' id='word_1_143' title='bbox 558 3028 673 3060; x_wconf 84' lang='lat' dir='ltr'><strong>vera</strong></span> <span class='ocrx_word' id='word_1_144' title='bbox 696 3010 939 3075; x_wconf 81' lang='lat' dir='ltr'><strong>quantitas</strong></span> <span class='ocrx_word' id='word_1_145' title='bbox 962 3010 1154 3068; x_wconf 81' lang='lat' dir='ltr'><strong>radicis,</strong></span> <span class='ocrx_word' id='word_1_146' title='bbox 1181 3028 1290 3075; x_wconf 86' lang='lat' dir='ltr'><strong>quae</strong></span> <span class='ocrx_word' id='word_1_147' title='bbox 1311 3026 1512 3058; x_wconf 91' lang='lat' dir='ltr'><strong>numero</strong></span> <span class='ocrx_word' id='word_1_148' title='bbox 1534 3007 1657 3057; x_wconf 82' lang='lat' dir='ltr'><strong>nulli</strong></span> <span class='ocrx_word' id='word_1_149' title='bbox 1680 3008 1871 3057; x_wconf 91' lang='lat' dir='ltr'><strong>definiri</strong></span> <span class='ocrx_word' id='word_1_150' title='bbox 1893 3006 2054 3073; x_wconf 88' lang='lat' dir='ltr'><strong>possit.</strong></span> 
     </span>
     <span class='ocr_line' id='line_1_27' title="bbox 686 3095 2364 3163; baseline -0.004 -15"><span class='ocrx_word' id='word_1_151' title='bbox 686 3099 758 3148; x_wconf 91' lang='lat' dir='ltr'><strong>Ut</strong></span> <span class='ocrx_word' id='word_1_152' title='bbox 781 3098 844 3147; x_wconf 90' lang='lat' dir='ltr'><strong>sit</strong></span> <span class='ocrx_word' id='word_1_153' title='bbox 865 3099 1164 3148; x_wconf 83' lang='lat' dir='ltr'><strong>extrahenda</strong></span> <span class='ocrx_word' id='word_1_154' title='bbox 1184 3098 1327 3148; x_wconf 86' lang='lat' dir='ltr'><strong>radix</strong></span> <span class='ocrx_word' id='word_1_155' title='bbox 1347 3097 1612 3163; x_wconf 88' lang='lat' dir='ltr'><strong>bipartiens</strong></span> <span class='ocrx_word' id='word_1_156' title='bbox 1637 3098 1662 3146; x_wconf 77' lang='grc' dir='ltr'>ὲ</span> <span class='ocrx_word' id='word_1_157' title='bbox 1691 3095 1898 3152; x_wconf 72' lang='grc'>164860,</span> <span class='ocrx_word' id='word_1_158' title='bbox 1931 3095 1983 3143; x_wconf 93' lang='lat' dir='ltr'><strong>in</strong></span> <span class='ocrx_word' id='word_1_159' title='bbox 2013 3095 2219 3143; x_wconf 88' lang='lat' dir='ltr'><strong>secundo</strong></span> <span class='ocrx_word' id='word_1_160' title='bbox 2246 3111 2364 3159; x_wconf 86' lang='lat' dir='ltr'><strong>prae-</strong></span> 
     </span>
     <span class='ocr_line' id='line_1_28' title="bbox 619 3182 2362 3253; baseline -0.003 -17"><span class='ocrx_word' id='word_1_161' title='bbox 619 3186 892 3236; x_wconf 89' lang='lat' dir='ltr'><strong>cedentium</strong></span> <span class='ocrx_word' id='word_1_162' title='bbox 942 3187 1158 3253; x_wconf 87' lang='lat' dir='ltr'><strong>exemplo</strong></span> <span class='ocrx_word' id='word_1_163' title='bbox 1207 3186 1415 3253; x_wconf 90' lang='lat' dir='ltr'><strong>reperies</strong></span> <span class='ocrx_word' id='word_1_164' title='bbox 1465 3186 1725 3235; x_wconf 92' lang='lat' dir='ltr'><strong>eorundem</strong></span> <span class='ocrx_word' id='word_1_165' title='bbox 1770 3184 1981 3233; x_wconf 88' lang='lat' dir='ltr'><strong>radicem</strong></span> <span class='ocrx_word' id='word_1_166' title='bbox 2025 3182 2362 3247; x_wconf 77' lang='lat' dir='ltr'><strong>bipartientem</strong></span> 
     </span>
    </p>
   </div>
  </div>
 </body>
</html>
