2878 3900
1045 479 1132 521 DE
1169 478 1344 521 ARTE
1379 478 1761 522 LOGISTICA.
2322 484 2376 525 29

427 627 557 682 dum,
583 625 738 674 millia
759 625 996 686 millium3
1033 626 1243 684 tertium,
1269 626 1467 675 millena
1487 625 1642 674 millia
1662 625 1899 686 millium3
1935 632 2175 690 quartum,
2200 626 2374 675 millies

426 715 623 763 millena
644 714 798 763 millia
819 715 1026 764 millium
1046 737 1059 776 3
1098 723 1146 764 et
1168 715 1239 764 ita
1260 716 1320 764 de
1343 715 1542 779 reliquis
1565 715 1771 780 punctis.
1830 715 2039 780 Figurae,
2065 716 2192 772 vero,
2218 715 2374 779 primo

426 805 530 853 loco
547 805 574 852 a
591 804 782 869 punctis
800 805 1087 862 constitutae,
1105 823 1192 853 suo
1210 805 1369 853 valore
1385 804 1695 853 nominentur
1711 825 1724 865 ;
1753 805 1976 862 secundo,
1993 805 2122 862 vero,
2140 806 2167 851 a
2181 805 2374 869 punctis

426 895 543 951 loco,
571 894 773 959 decuplo
795 894 986 954 valore3
1026 894 1169 943 tertio
1192 894 1414 958 denique,
1442 893 1666 958 centuplo
1689 894 1765 942 sui
1787 894 1947 942 valore
1969 893 2293 942 nominentur.

692 984 764 1033 Ut
800 984 881 1032 hic
915 1001 1160 1040 numerus,
1200 982 1745 1041 4734986205048205,
1786 983 1854 1032 sic
1889 990 2147 1048 pungatur,
2181 989 2228 1032 4«.
2256 989 2370 1042 734«.

624 1073 736 1128 986.
753 1079 866 1122 205.
886 1078 999 1122 048.
1020 1079 1132 1122 205.
1189 1073 1255 1121 Et
1275 1073 1381 1121 haec
1404 1073 1497 1121 erit
1519 1074 1622 1137 ejus
1644 1073 1910 1121 nominatio
1929 1092 1941 1122 :
1973 1080 2180 1137 quatuor
2196 1073 2371 1122 millies

623 1162 755 1211 mille
777 1162 974 1210 millena
995 1161 1149 1210 milJia
1170 1161 1391 1218 millium,
1422 1161 1726 1226 septingenta
1747 1161 1950 1226 triginta
1971 1169 2178 1226 quatuor
2198 1162 2372 1212 millies

622 1251 820 1300 millena
840 1251 995 1299 millia
1015 1250 1234 1307 millium,
1260 1257 1507 1315 nongenta
1528 1250 1772 1314 octoginta
1788 1267 1870 1299 sex
1886 1251 2084 1300 millena
2098 1251 2252 1300 millia
2266 1252 2371 1300 mil-

623 1340 756 1397 lium,
791 1340 999 1388 ducenta
1028 1339 1242 1403 quinque
1270 1338 1426 1387 millia
1454 1338 1674 1396 msslium,
1716 1340 2038 1404 quadraginta
2066 1348 2173 1389 octo
2202 1341 2368 1398 millia,

625 1430 833 1478 ducenta
854 1436 903 1478 et
926 1428 1139 1492 quinque
1160 1447 1173 1478 ι
1212 1429 1278 1477 Et
1301 1428 1372 1477 ita
1394 1429 1455 1477 de
1478 1427 1599 1477 aliis.

1192 1734 1469 1791 CAPUT
1524 1735 1601 1789 ΙΙ.

642 1907 720 1945 DE
750 1906 1087 1945 ADDITIONE
1117 1906 1191 1945 ET
1223 1905 1713 1946 SUBSTRACTIONE
1744 1906 2156 1963 INTEGRORUM.

492 2056 776 2105 HACTENUS
814 2056 1112 2121 integrorum
1147 2056 1413 2104 nominatio
1449 2064 1498 2105 et
1533 2056 1750 2116 notati03
1795 2056 2013 2121 sequitur
2042 2057 2368 2121 computatio3

422 2152 470 2193 et
492 2145 650 2209 primo
674 2147 734 2194 de
758 2145 1005 2194 additione
1029 2153 1077 2193 et
1101 2144 1463 2194 substractione.

489 2324 550 2371 In
575 2310 822 2371 additione
846 2330 1090 2388 spectatur
1113 2323 1246 2380 situs,
1273 2331 1321 2372 et
1344 2323 1558 2388 operatio
1582 2341 1667 2371 seu
1689 2323 1867 2388 praxis.

488 2412 618 2461 Situs
635 2420 720 2469 est,
739 2419 793 2461 ut
805 2412 996 2461 numeri
1013 2413 1225 2460 numeris
1245 2412 1608 2461 subscribantur
1625 2433 1638 2473 ;
1669 2413 1741 2462 ita
1754 2420 1820 2470 ut,
1840 2414 1867 2460 a
1881 2413 2062 2462 dextris
2077 2412 2366 2477 incipiendo,

419 2501 587 2565 figurae
610 2501 779 2565 primae
802 2501 986 2566 primis,
1014 2502 1234 2550 secundae
1259 2502 1495 2559 secundis,
1530 2509 1578 2550 et
1607 2502 1807 2566 reliquae
1836 2502 2034 2566 reliquis
2059 2501 2238 2550 directe
2263 2503 2369 2550 sub-

421 2590 697 2647 stituantur,
724 2591 868 2639 ducta
892 2592 981 2639 sub
1003 2608 1206 2639 numero
1229 2590 1395 2639 infimo
1417 2591 1557 2640 linea.

489 2679 801 2743 Operationis
825 2679 922 2728 tria
944 2686 1056 2728 sunt
1079 2687 1333 2744 praecepta.

488 2767 720 2825 Primum,
752 2775 807 2816 ut
836 2768 984 2833 primi
1010 2769 1105 2816 loci
1131 2769 1315 2833 figurae,
1347 2786 1510 2817 omnes
1540 2769 1592 2817 in
1626 2787 1772 2818 unam
1800 2786 2034 2817 summam
2062 2769 2363 2834 colligantur,

421 2862 483 2912 et,
515 2855 660 2920 hujus
690 2874 902 2914 summae,
935 2857 1095 2922 prima
1125 2865 1312 2906 tantum
1341 2858 1500 2922 figura
1521 2858 1604 2915 eis,
1636 2858 1765 2906 infra
1785 2857 1976 2914 lineam,
2003 2858 2362 2916 subscribatur;

420 2945 619 3002 caeteris,
646 2945 688 2993 si
711 2963 818 3009 quae
842 2946 953 3003 sint,
981 2946 1142 2995 animo
1163 2947 1439 2995 reconditis.

486 3035 773 3092 Secundum,
808 3043 862 3083 ut
892 3043 1076 3084 caeterae
1098 3036 1189 3093 hae,
1216 3036 1376 3085 animo
1398 3036 1673 3094 reconditae,
1700 3053 1798 3084 una
1820 3053 1928 3084 cum
1956 3034 2175 3083 omnibus
2199 3035 2366 3099 figuris

420 3124 661 3189 sequentis
684 3124 791 3181 loci,
826 3124 878 3172 in
909 3142 1057 3173 unam
1087 3143 1323 3174 summam
1357 3125 1658 3190 colligantur,
1696 3132 1757 3182 et,
1793 3125 1936 3188 hujus
1970 3123 2115 3172 etiam
2150 3141 2361 3180 summae,

418 3214 576 3279 prima
599 3221 786 3262 tantum
808 3213 966 3278 figura
982 3214 1064 3271 eis,
1086 3213 1214 3262 infra
1229 3214 1420 3272 lineam,
1443 3215 1800 3273 subscribatur3
1836 3213 2019 3262 cacteris
2044 3214 2144 3277 ejus
2169 3231 2364 3262 summae
