2878 3900
472 552 527 591 60

1086 547 1173 591 DE
1207 546 1382 591 ARTE
1416 542 1793 589 LOGISTICA.

672 694 769 744 406
805 694 1139 760 imperfectam,
1178 700 1226 741 et
1259 690 1486 755 reliquias
1526 696 1591 739 24
1634 688 1927 754 superstites.
1998 687 2251 737 Constitue
2286 705 2402 753 ergo

672 783 844 832 lineam
874 790 979 847 post
1009 781 1119 838 406,
1157 788 1205 829 et
1239 796 1385 844 supra
1412 779 1589 828 lineam
1619 777 1891 827 scribantur
1913 781 1993 834 24,
2019 784 2073 825 ut
2095 778 2123 825 a
2143 777 2396 842 margine;

1176 869 1288 917 inde
1322 885 1382 917 ex
1415 867 1608 917 inventa
1635 868 1738 932 jam
1770 866 2071 931 praecedente
2098 864 2211 923 406,
2238 883 2399 930 quaere

780 922 934 976 Μ
1175 955 1557 1020 supplementum
1603 954 1802 1004 unitatis
1854 952 2152 1003 succedentis
2208 969 2399 1018 respon-

777 1079 930 1134 4063&
1174 1044 1290 1092 dens
1330 1042 1678 1108 duplicationi;
1737 1042 1830 1092 hoc
1868 1042 2109 1107 integrum
2150 1040 2242 1090 erit
2283 1047 2395 1099 813,

1172 1140 1221 1180 et
1257 1130 1440 1180 unitate
1476 1131 1715 1180 minutum
1752 1131 1844 1180 erit
1881 1134 1992 1187 812,
2036 1146 2241 1193 quorum
2274 1130 2398 1179 illud

1173 1238 1261 1286 pro
1287 1221 1485 1278 minore,
1518 1220 1610 1270 hoc
1639 1238 1727 1286 pro
1757 1222 1937 1286 majore
1968 1220 2173 1270 termino
2202 1220 2277 1269 bis
2307 1222 2396 1270 sub

697 1343 773 1381 406
1174 1308 1298 1357 linea
1335 1307 1586 1357 scribatur.
1664 1308 1775 1357 Erit
1810 1325 1924 1373 ergo
1964 1308 2177 1372 quaesitae
2218 1308 2394 1358 radicis

671 1399 774 1459 —2
1174 1394 1474 1459 bipartientis
1541 1395 1698 1444 minor
1765 1395 1998 1445 terminus
2062 1395 2275 1463 406321432
2347 1404 2395 1444 et

697 1462 772 1549 81?
859 1463 872 1550 ἶ
1173 1483 1324 1546 major
1378 1481 1591 1549 4061321452
1650 1483 1776 1532 inter
1833 1501 1950 1547 quos
2003 1483 2232 1532 terminos
2286 1501 2393 1532 con-

697 1578 772 1613 812
827 1567 889 1613 -1,
918 1575 1088 1615 Unitatis
1174 1569 1352 1617 tinetur
1408 1577 1456 1618 et
1505 1570 1622 1618 latet
1677 1570 1879 1635 praecisa
1933 1570 2071 1618 radix
2128 1571 2391 1635 bipartiens

852 1628 1088 1719 {gfff-’lemen'
1173 1656 1359 1704 numeri
1403 1656 1596 1705 164860
1631 1657 1792 1706 oblati.
1865 1658 1944 1706 Ita
1977 1665 2031 1706 ut
2066 1658 2245 1722 absque
2290 1676 2390 1707 sen-

1172 1742 1300 1790 sibili
1331 1760 1490 1792 errore
1519 1744 1782 1809 (praecipue
1816 1744 1867 1792 in
1901 1744 2216 1808 mechanicis)
2251 1747 2390 1794 radix

1170 1828 1433 1893 bipartiens
1477 1830 1670 1880 164860
1716 1831 1866 1896 possit
1911 1831 2008 1880 dici
2053 1831 2266 1899 406921432
2317 1835 2389 1882 vel

1169 1918 1381 1986 40632112.

843 2116 1041 2164 Radicis
1066 2117 1380 2181 tripartientis
1403 2120 1690 2168 emendandi
1714 2122 1998 2185 exemplum.

721 2269 793 2317 Sit
828 2270 1123 2319 extrahenda
1156 2272 1296 2320 radix
1330 2272 1606 2337 tripartiens
1639 2275 1828 2323 numeri
1862 2281 1974 2333 998,
2012 2277 2118 2326 haec
2153 2280 2237 2341 (ex
2270 2297 2388 2344 prae-

655 2358 849 2406 cedente
895 2359 1081 2422 tabula)
1126 2361 1500 2424 deprehenditur
1543 2363 1760 2427 proxime
1804 2381 1906 2413 esse
1951 2370 1998 2423 9,
2046 2372 2094 2415 et
2133 2378 2388 2432 supersunt

844 2446 1000 2496 adhuc
1035 2448 1131 2502 269
1165 2449 1380 2514 reliquiae
1404 2452 1656 2501 emendan-

843 2534 931 2581 dae.
1004 2534 1096 2583 Illa
1125 2541 1156 2589 9
1187 2543 1296 2584 ante
1330 2537 1519 2595 lineam,
1552 2538 1656 2587 haec

663 2602 766 2656 9394
844 2619 940 2673 269
969 2637 1114 2685 supra
1139 2639 1258 2680 eam,
1293 2631 1346 2672 ut
1380 2626 1407 2671 a
1439 2625 1656 2690 margine
2053 2651 2063 2662 ·
2094 2625 2355 2715 Supplememi

843 2714 1126 2755 statuantur.
1198 2709 1272 2757 Ex
1307 2710 1461 2775 figura
1496 2720 1655 2761 autem
1732 2727 1841 2777 Ἦ
1893 2729 1949 2780 ᾖ
1999 2739 2061 2782 27,
2089 2686 2374 2795 &5321ssss

843 2798 888 2848 9,
905 2809 992 2856 pro
1008 2795 1305 2857 praecedente
1327 2796 1529 2855 inventa,
1550 2800 1653 2848 uni-
1816 2793 1832 2828 ¹

661 2864 764 2918 Ἣ
842 2878 953 2927 tatis
1008 2881 1388 2945 supplementum
1444 2885 1652 2950 triplice„
1759 2856 1836 2894 243
1968 2857 2359 2974 {tm

839 2965 982 3014 tionis
1020 2966 1205 3033 integer
1239 2970 1503 3034 reperietur
1537 2979 1649 3031 271,
2125 2971 2358 3065 {ffiffiffum

2010 2510 2064 2622 1,..-

1894 2510 1947 2712 *glutto

2031 2626 2046 2661 .-

838 3059 886 3100 et
920 3053 1104 3103 unitate
1142 3055 1355 3106 minutus
1390 3063 1502 3116 270,
1540 3067 1594 3109 ut
1623 3062 1651 3109 a

650 3140 863 3203 margine
885 3142 1158 3207 conspicere
1181 3144 1306 3204 licet,
1329 3164 1436 3211 quae
1459 3149 1548 3198 sub
1569 3149 1708 3200 lineis
1731 3153 2016 3205 scribantur.
2065 3157 2130 3207 Et
2151 3159 2223 3208 ita
2243 3161 2383 3210 radix

651 3227 925 3290 tripartiens
955 3232 1143 3281 numeri
1167 3238 1264 3288 998
1288 3235 1437 3284 oblati
1458 3238 1656 3301 praecise
1679 3239 1805 3290 inter
1828 3243 2055 3294 terminos
2080 3248 2213 3314 93-9-2-
2233 3249 2382 3298 mino-
