2878 3900
543 540 598 579 22
1148 527 1236 571 DE
1270 524 1444 570 ARTE
1475 522 1854 568 LOGISTICA.

809 677 878 727 Ut
905 674 1211 725 terminorum
1232 677 1297 718 55
1325 675 1374 717 et
1400 673 1459 716 15
1482 666 1717 714 maximus
1748 665 2013 714 communis
2048 665 2253 729 partitor
2284 664 2353 713 sic
2382 664 2463 712 ha-

742 766 911 823 betur;
954 759 1130 826 partire
1157 763 1221 805 55
1248 772 1334 819 per
1365 761 1439 810 15,
1470 754 1784 802 remanebunt
1814 758 1907 812 103
1946 752 2129 816 partire
2168 759 2228 801 15
2262 770 2349 817 per
2386 758 2462 808 10,

740 850 1046 900 remanebunt
1067 853 1097 894 5
1116 866 1129 903 ;
1162 843 1341 908 partire
1367 847 1429 890 10
1450 858 1536 906 per
1558 849 1589 890 5
1614 849 1661 889 et
1682 840 1806 888 nihil
1828 840 2093 889 remanebit
2112 858 2125 888 :
2162 846 2194 888 5
2217 856 2333 905 ergo
2355 848 2465 890 sunt

738 938 969 987 maximus
991 931 1250 983 communis
1272 930 1489 996 partitor,
1515 929 1726 993 partiens
1754 934 1812 977 15
1836 945 1923 993 per
1945 934 1992 985 3,
2018 936 2066 977 et
2087 934 2152 976 55
2175 944 2262 991 per
2290 933 2364 975 11.

609 1114 788 1163 Verum
810 1112 850 1160 si
872 1111 934 1160 ad
957 1110 1186 1159 unitatem
1207 1107 1487 1171 partitorem
1511 1105 1794 1169 perveneris,
1829 1104 2242 1161 inabbreviabiles,
2269 1103 2465 1153 disereti

545 1212 697 1251 tamen
720 1208 828 1248 sunt
850 1196 1054 1253 termini,
1080 1203 1162 1244 aut
1185 1211 1234 1243 se
1256 1194 1460 1242 invicem
1482 1194 1710 1242 habentes
1735 1201 1788 1242 ut
1811 1193 2019 1242 discreti.

800 1287 868 1336 Ut
902 1286 996 1333 sint
1030 1283 1221 1332 termini
1248 1290 1322 1332 5a
1343 1290 1391 1331 et
1413 1287 1515 1343 δας
1553 1282 1743 1346 partitis
1765 1289 1839 1331 5a
1859 1299 1946 1346 per
1968 1286 2055 1338 3a,
2081 1289 2330 1330 remanent
2358 1287 2462 1342 ρας

735 1376 845 1423 inde
861 1372 1047 1439 partitis
1070 1377 1142 1420 Sa
1164 1388 1249 1436 per
1273 1377 1359 1428 Qa,
1384 1379 1599 1419 remanet
1619 1376 1642 1419 1
1659 1388 1720 1430 a;
1752 1387 1840 1435 per
1863 1371 1993 1434 quod
2014 1370 2206 1435 partitis
2229 1376 2315 1428 Qa,
2341 1370 2465 1419 nihil

737 1469 956 1511 remanet.
1030 1460 1174 1509 Unde
1196 1466 1270 1508 5a
1291 1467 1339 1508 et
1359 1463 1434 1507 Sa
1455 1476 1552 1507 non
1574 1459 1754 1508 habent
1786 1460 2016 1524 majorem
2048 1459 2329 1524 partitorem
2360 1460 2463 1508 uni-

736 1559 843 1606 tate,
880 1567 963 1598 seu
1002 1555 1097 1608 1a;
1138 1565 1225 1613 per
1255 1548 1385 1611 quod
1413 1547 1455 1596 si
1484 1547 1770 1612 partiantur,
1811 1548 2056 1598 habebunt
2085 1565 2136 1597 se
2166 1548 2373 1598 invicem
2410 1558 2463 1597 ut

733 1638 922 1688 discreti
944 1636 1129 1686 numeri
1151 1643 1182 1685 5
1207 1644 1254 1684 et
1276 1640 1323 1693 3,
1350 1643 1404 1684 ut
1425 1643 1591 1700 postea
1613 1653 1699 1685 suo
1720 1637 1826 1686 loco
1848 1636 2053 1701 amplius
2075 1637 2275 1686 dicetur.

608 1817 787 1865 Versim
820 1815 900 1863 hic
932 1828 1225 1876 summopere
1255 1812 1518 1860 cavendum
1547 1822 1621 1860 est
1656 1814 1684 1859 a
1715 1813 1975 1877 partitione
2010 1814 2462 1863 incommensurabi-

541 1904 656 1952 lium
678 1903 1007 1968 quantitatum,
1033 1903 1166 1966 cujus
1187 1900 1347 1949 nullus
1371 1900 1422 1948 in
1446 1908 1678 1949 aeternum
1700 1901 1792 1950 erit
1814 1902 1938 1959 finis,
1972 1911 2026 1951 ut
2048 1920 2134 1952 suo
2157 1903 2260 1952 loco
2282 1904 2462 1967 perspi-

543 2009 681 2041 cuum
702 1992 882 2058 eyadet.

798 2080 867 2129 Ut
896 2078 1093 2135 denarii,
1117 2086 1165 2126 et
1188 2095 1284 2126 suae
1307 2077 1608 2142 bipartientis
1631 2078 1822 2137 radicis,
1854 2097 2000 2144 quam
2022 2081 2235 2130 radicem
2257 2081 2461 2145 quadrar

735 2176 830 2216 tam
863 2174 1044 2223 vocant,
1083 2166 1217 2215 nulla
1249 2165 1515 2231 reperietur
1549 2167 1601 2215 in
1637 2174 1870 2216 aeternum
1899 2169 2164 2218 communis
2198 2186 2457 2229 mensura3

734 2255 882 2304 multo
903 2255 1059 2304 minus
1080 2255 1283 2320 partitor
1303 2255 1385 2304 ille
1407 2255 1659 2314 maximus,
1686 2264 1740 2305 ut
1763 2274 1849 2306 suo
1871 2257 1988 2307 loco.

609 2432 732 2479 Cum
761 2431 975 2480 terminis
1004 2432 1453 2481 inabbreviabilibus
1483 2441 1713 2498 tanquam
1749 2435 2038 2485 abbreviatis
2071 2452 2237 2484 eorum
2272 2436 2461 2485 defectu

545 2527 614 2567 est
635 2520 937 2583 operandum.

614 2606 795 2656 Habito
822 2607 1026 2655 maximo
1055 2610 1291 2658 communi
1319 2610 1537 2669 divisore,
1576 2620 1625 2661 et
1662 2629 1749 2677 per
1778 2629 1891 2662 eum
1918 2613 2098 2678 partito
2133 2621 2337 2678 utroque
2367 2622 2459 2663 ter-

545 2694 687 2751 mino,
725 2694 943 2744 oriuntur
974 2695 1083 2745 novi
1118 2697 1308 2747 termini
1345 2699 1642 2761 abbreviati3
1685 2708 1734 2751 et
1768 2701 1874 2752 haec
1911 2702 2127 2768 operatio
2164 2701 2460 2753 abbreviatio

546 2782 731 2830 dicitur.

2048 2868 2077 2894 0
