2878 3900
475 570 531 609 ⁶⁴
1094 556 1182 600 DE
1215 551 1389 599 ARTE·
1422 547 1797 594 LOGISTICA.

486 710 657 759 habeat
679 723 840 755 versus
862 706 1076 754 dextram
1099 699 1313 753 circulos,
1346 694 1537 760 poteris,
1571 689 1841 756 compendii
1869 688 2040 753 gratia,
2073 695 2145 736 tot
2167 687 2265 735 fere
2289 686 2407 734 mul-

486 797 591 862 tipli
625 796 728 844 loca
759 794 1053 843 dextrorsum
1086 790 1113 835 a
1146 785 1311 850 figuris
1349 799 1512 838 vacua,
1556 788 1639 829 aut
1679 777 1871 828 circulis
1911 776 2089 825 referta
2121 775 2406 839 relinquere,

488 884 922 952 multiplicationem
944 882 972 927 εὶ
994 876 1195 927 sinistris
1218 873 1463 922 ordiendo.
1740 876 1744 880 “

749 971 817 1019 Ut
838 964 1074 1031 (exemplo
1104 964 1130 1012 ὲ
1161 962 1368 1023 sinibus)
1392 959 1433 1007 si
1460 961 1720 1006 10000000
1742 953 1964 1002 dederint
1988 950 2233 1007 9925461,
2262 967 2409 1014 quan-

683 1067 782 1106 tum
812 1056 992 1104 dabunt
1013 1050 1279 1110 7986354?
1351 1047 1422 1095 At
1456 1045 1572 1110 quia
1604 1044 1708 1092 haec
1742 1058 1904 1090 omnes
1938 1040 2037 1088 fere
2071 1039 2250 1103 figuras
2284 1054 2410 1087 com-

1157 1137 1394 1203 plectitur,
1438 1134 1560 1190 ideo,
1605 1149 1691 1197 per
1731 1148 1833 1195 cap.
1866 1136 1897 1178 5
1936 1128 2045 1177 Lib.
2079 1128 2150 1176 11.
2191 1143 2410 1191 compen-

688 1248 887 1292 09925461
954 1249 968 1284 1
1156 1224 1286 1273 diose
1338 1220 1718 1286 multiplicentur
1771 1216 2000 1272 9925461
2061 1232 2148 1279 per
2199 1214 2411 1279 singulas

688 1246 922 1568 ὲξξξὲξξξ,
950 1302 973 1390 ξ
1156 1329 1325 1361 novem
1347 1311 1540 1375 figuras,
1574 1315 1627 1357 ut
1657 1307 1707 1355 in
1738 1305 1902 1355 tabula
1931 1306 1959 1352 a
1987 1302 2204 1368 margine
2231 1302 2411 1351 factum

688 1417 893 1458 39701844
948 1416 972 1450 4
1157 1407 1261 1459 est;
1307 1397 1481 1446 deinde
1515 1396 1604 1445 sub
1639 1393 1827 1459 singulfi
1858 1393 2014 1457 figura
2046 1389 2411 1455 multiplicantis

687 1467 894 1563 ἓξξὲζξὲἓ
947 1469 973 1556 g
1156 1484 1386 1543 7986354
1423 1482 1637 1547 incipiat,
1686 1489 1734 1530 et
1773 1479 1887 1528 inde

688 1584 891 1627 69478227
948 1583 971 1623 7
1156 1573 1382 1638 procedat
1433 1587 1660 1620 numerus
1712 1568 1888 1618 tabulae
2031 1588 2216 1631 7986354

689 1635 894 1679 79403688
950 1638 974 1672 8
1362 1660 1372 1670 ·
1416 1659 1427 1670 ·
2030 1642 2243 1694 Π78Τ27

691 1691 895 1731 89329149
949 1691 974 1730 9
1157 1661 1323 1726 figurae
1359 1660 1432 1708 1111
1467 1659 1771 1724 respondens,
1809 1674 1888 1705 ne·
2058 1656 2266 1748 {932914

690 1748 1112 1801 992546101Decup1.
1157 1748 1324 1813 glectis
1383 1756 1542 1797 tamen
1600 1754 1647 1795 et
1703 1745 1888 1794 omissis
2084 1757 2294 1801 794036..

1159 1854 1240 1885 sex
1297 1836 1615 1885 dextimorum
1677 1834 1890 1885 locorum
2111 1813 2267 1907 ⁵32?ss

684 1927 845 1991 figuris
877 1926 1108 1983 omnibus,
1142 1935 1395 1990 propterea
1429 1925 1559 1989 quod
1590 1931 1769 1988 septem
1801 1923 1889 1971 cir-
2167 1916 2245 2012 433
2258 1944 2384 1954 ·····

684 2015 778 2063 culi
816 2014 1056 2079 partitoris
1100 2019 1360 2062 10000000
1411 2030 1491 2061 eas
1538 2011 1887 2067 abscinderent,
2028 2022 2418 2083 W

684 2089 722 2151 si
773 2102 1149 2168 exprimerentur
1193 2111 1241 2151 et
1285 2119 1381 2150 non
1430 2100 1613 2149 omissae
1659 2100 1887 2149 fuissent:
2210 2098 2417 2134 10000000

690 2192 808 2240 Haec
831 2191 978 2256 igitur
1000 2191 1313 2256 particularia
1334 2190 1568 2255 multipla,
1600 2197 1775 2254 praeter
1804 2206 1891 2237 sua

687 2298 765 2328 sex
788 2281 891 2328 loca
913 2279 1123 2328 dextima
1141 2297 1303 2336 vacua,
1324 2279 1375 2327 in
1393 2288 1543 2327 'unum
1567 2278 1734 2326 addita
1749 2278 1871 2326 fiunt
1887 2276 2147 2336 79268241
2178 2312 2366 2325 ......
2392 2278 2419 2322 ὲ

688 2368 872 2432 quibus,
906 2375 1002 2415 tam
1024 2368 1139 2416 locis
1164 2370 1304 2431 quam
1327 2367 1493 2432 figuris
1522 2366 1760 2423 dextimis,
1794 2366 1834 2414 si
1865 2366 2209 2415 abscindantur
2237 2373 2418 2429 septem

688 2456 971 2504 circulorum
1016 2457 1260 2520 partitoris
1300 2457 1452 2505 otiosa
1495 2456 1601 2505 loca
1645 2457 1723 2518 (ut
1769 2454 2043 2520 partitionis
2084 2453 2419 2518 compendium

690 2544 874 2608 exigit),
916 2545 1162 2593 restabunt
1201 2544 1446 2603 7926824,
1495 2561 1775 2608 responsum
1821 2543 2089 2607 quaesitum.
2159 2542 2262 2591 Ubi
2306 2559 2420 2606 ergo

694 2638 949 2681 10000000
1002 2633 1119 2682 dant
1174 2632 1417 2689 9925461,
1472 2639 1711 2696 sequetur,
1772 2632 1903 2695 quod
1947 2631 2180 2689 7986354
2236 2631 2420 2680 dabunt

642 2720 929 2779 4986884..

564 2898 685 2954 Quae
711 2905 882 2954 autem,
912 2897 964 2946 in
993 2898 1136 2963 hujus
1166 2898 1437 2963 compendii
1469 2897 1716 2962 multiplis,
1754 2897 2040 2946 omittuntur
2068 2897 2236 2962 figurae
2259 2913 2421 2946 versus

499 2985 726 3041 dextram,
783 2986 967 3034 etiamsi
1018 3004 1180 3036 omnes
1231 2986 1501 3036 novenariae
1546 2994 1716 3043 essent,
1775 3003 1872 3035 non
1917 2986 1992 3035 vel
2044 2986 2186 3034 unica
2237 2985 2422 3034 unitate

502 3081 725 3136 augerent
757 3091 1044 3138 responsum.
1114 3075 1296 3124 Merito
1330 3075 1480 3140 igitur
1513 3092 1582 3124 eae
1617 3092 1779 3123 omnes
1815 3075 1996 3140 negligi
2029 3082 2227 3140 possunt
2260 3074 2313 3123 in
2348 3074 2424 3123 his

503 3160 770 3224 majusculis
808 3162 1016 3211 numeris
1054 3162 1106 3211 in
1146 3163 1321 3227 quibus
1359 3180 1420 3212 ne
1461 3162 1659 3212 unitatis
1700 3162 1908 3227 quidem,
1956 3163 2101 3213 totius
2141 3171 2190 3212 et
2229 3163 2420 3228 integri,

502 3264 631 3298 error
663 3257 734 3298 est
765 3250 1012 3300 sensibilis.
