2878 3900
1008 491 1097 534 DE
1133 491 1309 534 ARTE
1343 489 1724 535 LOGISTICA.
2290 495 2342 534 31

393 639 714 695 constituitur,
741 638 870 687 linea
891 638 1019 686 inter
1043 655 1283 686 summum
1305 646 1354 687 et
1375 637 1589 687 medium
1612 636 1924 700 interposita3
1959 636 2029 685 ita
2051 644 2106 685 ut
2128 638 2155 684 a
2178 638 2345 686 dextra

391 729 559 793 figurae
576 728 745 792 primae
762 727 945 791 primis,
967 728 1190 776 secundae
1208 727 1443 784 secundis,
1465 734 1513 775 et
1535 725 1734 790 reliquae
1751 725 1963 789 reliquis,
1984 725 2165 774 directe
2183 743 2342 790 super-

393 818 680 867 scribantur.

461 906 709 970 Operatio,
732 913 914 963 contra,
936 906 964 952 a
982 904 1187 953 sinistris
1205 904 1449 969 aptissime
1467 904 1736 960 inchoatur,
1758 910 1843 951 aut
1861 903 1902 951 si
1918 903 2069 952 mavis
2093 905 2121 951 a
2143 904 2339 960 dextris,

390 995 482 1043 hoc
506 1002 748 1058 utcunque
773 1001 960 1042 servato
983 993 1126 1042 unico
1148 1000 1389 1057 praecepto
1410 1012 1422 1041 ι

458 1085 530 1133 Ut
553 1084 735 1132 scilicet
757 1084 914 1148 figura
936 1100 1139 1146 quaeque
1162 1082 1374 1139 inferior,
1402 1090 1485 1131 aut
1506 1082 1632 1129 nihil
1654 1081 1738 1130 ubi
1760 1081 1885 1129 nihil
1908 1083 2082 1139 subest,
2103 1099 2162 1130 ex
2180 1100 2341 1147 super-

390 1173 545 1237 posita
574 1173 647 1220 illi
676 1173 832 1237 figura
859 1172 943 1219 illa
971 1189 1069 1220 non
1099 1171 1298 1228 minore,
1332 1179 1415 1220 aut
1445 1171 1630 1219 minore
1655 1170 1832 1218 additis
1860 1177 1935 1228 10,
1971 1172 2305 1221 substrahatur
2326 1194 2338 1233 3

390 1269 438 1310 et
455 1261 651 1310 residua
673 1262 863 1325 integra
884 1260 958 1307 illi
982 1259 1380 1324 superscribatur,
1403 1259 1443 1307 si
1460 1260 1603 1307 modo
1621 1258 1862 1307 inferioris
1880 1277 2078 1317 summa,
2099 1261 2213 1309 hinc
2231 1262 2342 1309 dex-

390 1358 599 1398 trorsum
630 1356 840 1405 extensa,
880 1365 979 1395 non
1015 1347 1204 1397 excedit
1243 1365 1480 1395 summam
1518 1347 1563 1395 ei
1594 1347 1968 1412 superscriptam
1989 1370 2002 1408 3
2048 1349 2274 1413 alioquin,
2302 1351 2342 1398 si

391 1438 592 1495 excedit,
628 1445 744 1486 tunc
766 1437 969 1501 praefata
995 1436 1190 1486 residua
1211 1437 1369 1500 figura
1391 1436 1579 1484 minut-a
1601 1436 1800 1493 unitate,
1835 1436 1876 1484 si
1907 1436 1969 1485 sit
1999 1455 2240 1495 numerus,
2267 1439 2342 1487 vel

390 1535 531 1576 aucta
552 1526 826 1583 novenario,
854 1526 896 1573 si
920 1526 982 1574 sit
1005 1532 1051 1583 0,
1078 1525 1151 1573 illi
1175 1525 1572 1590 superscribatur.

656 1616 729 1664 Ut
753 1615 849 1663 sint
872 1614 1136 1673 47156705
1163 1614 1515 1663 substrahenda
1537 1631 1596 1662 ex
1620 1618 1950 1672 2738154098
1971 1632 2171 1664 numero
2188 1616 2342 1664 minu-

589 1705 748 1753 endo:
794 1704 867 1753 Sit
898 1703 1016 1752 situs
1047 1703 1190 1768 hujus
1220 1720 1380 1767 supra,
1415 1703 1545 1751 illius
1576 1703 1718 1760 infra,
1748 1710 1802 1752 ut
1826 1703 1879 1752 in
1902 1703 2134 1768 margine,
2162 1712 2209 1753 et
2232 1705 2342 1753 dex-

596 1829 860 1873 2690997393
943 1791 1072 1839 timae
1105 1791 1329 1840 dextimis
1360 1792 1529 1856 figurae
1557 1792 1906 1856 respondeant:
1947 1791 2156 1840 Proinde
2186 1793 2343 1857 primo

596 1904 860 1947 2738154098
943 1881 970 1927 a
994 1879 1242 1928 sinistimis
1261 1885 1325 1938 27
1345 1880 1479 1928 aufer
1496 1879 1621 1927 nihil
1639 1879 1788 1942 (nihil
1811 1880 1939 1927 enim
1963 1881 2164 1944 subest),
2192 1899 2342 1930 rema-

648 1956 859 2000 47156705
942 1974 1059 2016 nent
1097 1974 1161 2026 27
1191 1968 1455 2016 minuenda
1487 1967 1686 2024 unitate,
1725 1967 1842 2031 quia
1870 1973 1916 2025 4,
1955 1969 2037 2017 διο.
2074 1969 2345 2034 subscripta

590 2058 828 2106 excedunt
850 2062 896 2114 3,
925 2059 1006 2106 διο.
1033 2057 1384 2122 superscripta3
1424 2064 1472 2105 et
1494 2057 1565 2106 ita
1587 2057 1666 2114 26,
1702 2057 1908 2115 residua,
1940 2065 2051 2106 sunt
2085 2060 2342 2122 superscri-

587 2147 748 2195 benda
780 2146 1022 2210 prioribus
1058 2151 1122 2204 27
1144 2166 1156 2206 ;
1201 2146 1376 2194 deinde
1407 2146 1542 2194 aufer
1572 2151 1604 2193 4
1635 2163 1695 2194 ex
1726 2150 1772 2202 3,
1807 2146 1985 2194 additis
2016 2153 2177 2195 tamen
2206 2148 2341 2211 prius

588 2235 665 2283 his
693 2241 767 2292 10,
807 2242 861 2283 ut
891 2240 923 2282 4
953 2235 1067 2282 inde
1098 2234 1277 2283 auferri
1311 2234 1509 2299 possint,
1548 2241 1596 2282 et
1633 2242 1890 2299 supersunt
1923 2240 1968 2291 9,
2013 2252 2120 2298 quae
2162 2237 2341 2300 absque

586 2325 854 2372 minutione
886 2331 997 2372 sunt
1028 2324 1428 2388 superscribenda
1454 2323 1623 2380 tribus,
1659 2323 1775 2387 quia
1797 2330 1829 2381 7
1852 2323 2042 2372 minora
2064 2332 2174 2372 sunt
2198 2326 2341 2388 quam

589 2419 619 2462 8
641 2434 654 2474 3
693 2413 868 2461 deinde
893 2413 1027 2461 aufer
1049 2420 1081 2471 7
1106 2430 1166 2461 ex
1190 2418 1235 2469 8,
1269 2419 1484 2461 remanet
1507 2412 1667 2460 unitas
1691 2412 1881 2469 unitate⁸
1899 2412 2174 2470 minuenda,
2202 2422 2249 2462 et
2272 2414 2342 2462 ita

588 2507 622 2550 0
644 2510 716 2550 est
739 2501 1205 2566 superscribendum,
1241 2501 1357 2565 quia
1387 2502 1688 2549 dextrorsum
1719 2500 1828 2558 156,
1864 2502 1945 2549 &c.
1979 2513 2243 2566 exuperant
2273 2503 2341 2551 eis

561 2602 564 2607 '
587 2591 888 2656 superposita
914 2596 1022 2647 154,
1050 2592 1132 2639 διο.
1155 2611 1168 2651 3
1213 2590 1387 2639 deinde
1419 2589 1665 2638 auferatur
1692 2595 1714 2637 1
1744 2591 1805 2638 ab
1834 2595 1874 2647 1,
1910 2598 2126 2639 remanet
2148 2597 2214 2651 03
2258 2593 2341 2640 sed

588 2681 705 2745 quia
739 2680 989 2744 sequentia
1017 2680 1096 2737 56,
1130 2681 1213 2728 &c.
1250 2686 1515 2743 exuperant
1550 2679 1850 2743 superposita
1878 2685 1957 2736 54,
1990 2681 2087 2736 &c.,
2123 2680 2231 2728 ideo
2253 2698 2341 2744 pro

588 2774 633 2825 0,
662 2774 693 2822 9
717 2776 829 2817 sunt
853 2768 1281 2832 superscribenda3
1319 2767 1539 2815 similiter
1563 2767 1698 2815 aufer
1721 2775 1752 2815 5
1777 2785 1836 2815 ex
1859 2774 1905 2824 5,
1931 2776 2145 2832 superest
2162 2774 2207 2824 0,
2229 2777 2340 2816 sunt

586 2873 701 2921 ergo
727 2862 758 2910 9
791 2857 1204 2920 superscribenda,
1238 2856 1354 2920 quia
1378 2855 1408 2904 6
1432 2863 1697 2920 exuperant
1721 2862 1752 2904 4
1777 2856 2131 2920 superscripta3
2172 2856 2284 2904 inde
2309 2856 2339 2904 6

587 2962 647 2992 ex
678 2950 739 2992 14
772 2945 921 3001 aufer,
956 2953 1153 2992 manent
1185 2949 1229 3001 8,
1264 2944 1419 2993 scribe
1449 2952 1638 2993 tantum
1660 2952 1707 3002 7,
1741 2944 1857 3008 quia
1886 2945 2099 3007 subjecta
2127 2944 2284 3008 figura
2306 2952 2338 3002 7

587 3033 774 3081 excedit
797 3038 829 3081 0
853 3032 1206 3097 superpositum
1236 3033 1314 3093 ei3
1354 3032 1528 3080 deinde
1552 3032 1687 3080 aufer
1710 3039 1743 3090 7
1766 3034 1793 3079 a
1820 3038 1894 3088 10,
1922 3040 2170 3080 remanent
2193 3037 2239 3089 3,
2266 3033 2335 3080 in-

586 3129 719 3186 tegre
743 3121 1155 3186 superscribenda,
1187 3122 1304 3185 quia
1326 3123 1594 3186 subjectum
1617 3127 1650 3170 0
1672 3121 1831 3168 minus
1856 3127 1928 3168 est
1952 3121 2095 3184 quam
2119 3126 2150 3174 9
2174 3139 2335 3185 super-

587 3210 796 3274 scripta3
836 3209 1010 3258 deinde
1034 3209 1169 3258 aufer
1192 3215 1225 3258 0
1248 3227 1308 3258 ex
1332 3215 1377 3267 9,
1411 3217 1594 3258 restant
1626 3215 1671 3265 9,
1709 3209 1894 3272 integre
1922 3209 2334 3272 superscribenda,
