2878 3900
1070 516 1159 559 DE
1194 514 1369 558 ARTE
1402 514 1782 559 LOGISTICA.
2356 523 2408 564 75

652 666 810 722 modo,
839 665 939 742 [ᾗῇ-9
961 685 974 724 ;
1014 670 1113 721 aut,
1139 659 1348 719 tandem,
1376 663 1543 711 eadem
1566 662 1708 711 radix
1736 670 1808 711 est
1837 663 2116 711 mechanice
2146 665 2403 713 admodum

654 754 779 802 inter
802 753 1030 802 terminos
1052 753 1360 808 includenda,
1388 759 1441 801 ut
1465 752 1698 816 sequitur.

521 932 839 980 Mechanicus
858 938 1018 980 autem
1034 930 1204 979 modus
1223 937 1309 987 est,
1326 929 1540 977 radicem
1555 929 1821 993 quaesitam,
1841 947 1948 994 quae
1965 931 2178 979 numeris
2197 933 2404 996 exprimi

451 1020 633 1084 nequit,
659 1019 787 1069 inter
810 1019 1038 1068 terminos
1060 1019 1291 1083 majorem
1315 1025 1363 1066 et
1384 1018 1620 1066 minorem
1643 1018 1787 1081 quam
1811 1018 2076 1067 arctissime
2099 1019 2363 1069 includere.

519 1109 742 1157 Termini
765 1115 945 1172 quanto
967 1107 1163 1172 majoris
1182 1106 1598 1163 denominationis,
1620 1114 1668 1154 et
1684 1106 1884 1155 minoris
1903 1107 2189 1157 differentiae
2206 1109 2399 1165 fuerint,

451 1204 585 1246 tanto
608 1197 822 1246 radicem
846 1196 1025 1245 arctius
1048 1196 1317 1252 includunt,
1345 1202 1392 1243 et
1414 1194 1662 1259 praecisius
1685 1195 1936 1244 definiunt.

520 1287 590 1335 Ut
625 1304 739 1351 ergo
774 1285 968 1334 termini
998 1285 1095 1333 sint
1126 1283 1528 1333 denominationis
1556 1291 1750 1348 optatae,
1782 1301 2036 1333 numerum
2061 1294 2237 1350 optatae
2261 1289 2402 1337 deno-

450 1375 726 1425 minationis
757 1374 1027 1438 multiplica
1055 1373 1345 1429 radicaliter,
1380 1373 1643 1421 secundum
1672 1373 1883 1422 indicem
1913 1382 1961 1422 et
1991 1375 2196 1439 speciem
2226 1377 2402 1424 radicis

450 1464 701 1528 quaesitam
720 1484 731 1523 3
770 1463 897 1519 inde,
918 1463 1062 1526 hujus
1080 1461 1350 1510 radicatum
1373 1461 1642 1525 multiplica
1663 1479 1749 1526 per
1772 1462 2018 1511 fractionis
2043 1464 2216 1512 oblatae
2239 1483 2402 1513 nume-

449 1546 670 1609 ratorem,
708 1552 999 1616 productum
1032 1550 1214 1615 partire
1248 1567 1335 1614 per
1369 1551 1583 1614 ejusdem
1613 1550 2055 1612 denominatorem3
2097 1553 2232 1616 quoti
2262 1554 2402 1602 radix
2487 1555 2490 1559 ’

446 1641 704 1708 propositae
722 1641 911 1706 speciei,
933 1648 1032 1690 tam
1048 1640 1266 1705 proxime
1282 1639 1441 1688 minor
1458 1641 1602 1703 quam
1618 1639 1786 1704 major,
1805 1641 2089 1690 extrahatur
2106 1642 2402 1707 integrorum

447 1710 595 1788 more,
623 1738 670 1779 et
694 1730 886 1795 utrique
911 1729 1245 1779 denominator
1269 1729 1447 1778 electus
1472 1728 1800 1778 subscribatur
1821 1748 1833 1778 :
1874 1729 2032 1779 Erunt
2055 1731 2183 1779 enim
2208 1733 2402 1780 termini

446 1820 613 1884 optati,
640 1820 722 1868 ille
746 1819 916 1876 minor,
942 1819 1024 1868 hic
1046 1820 1213 1883 major,
1239 1817 1454 1866 radicem
1477 1818 1728 1881 quaesitam
1752 1818 2066 1868 includentes.

713 1909 784 1958 Ut
825 1908 885 1956 sit
925 1908 1172 1957 fractionis
1214 1907 1474 1971 superioris
1513 1908 1628 1984 2309,
1674 1924 1758 1956 seu
1796 1910 1877 1985 ἐξ,
1922 1908 2221 1957 extrahenda
2259 1910 2400 1958 radix

646 1997 941 2063 bipartiens:
986 1997 1060 2046 Sit
1083 1996 1409 2046 denominatio
1433 2003 1599 2061 optata
1622 2001 1721 2045 200
1743 1996 1986 2060 partium;
2020 1997 2192 2046 harum
2217 1999 2397 2047 radica-

646 2097 748 2136 tum
765 2087 1022 2152 propositae
1041 2087 1217 2151 speciei
1236 2086 1560 2151 (duplicatum
1578 2085 1785 2149 scilicet)
1803 2093 1875 2133 est
1891 2091 2058 2134 40000
2078 2107 2089 2145 ;
2127 2087 2398 2151 multiplica

645 2195 759 2242 ergo
783 2182 948 2225 40000
970 2193 1057 2241 per
1082 2182 1161 2233 29,
1188 2183 1544 2224 numeratorem
1567 2174 1796 2231 oblatum,
1831 2183 1879 2223 et
1904 2176 2193 2239 productum
2216 2178 2396 2240 partire

646 2284 731 2331 per
749 2273 795 2323 11«,
818 2266 1031 2332 ejusdem
1054 2265 1480 2322 denominatorem,
1502 2265 1785 2329 provenient
1803 2270 2002 2318 290000
2020 2273 2193 2329 quotus
2211 2287 2223 2325 ;
2260 2268 2394 2330 cujus

645 2356 787 2405 radix
822 2355 1103 2420 bipartiens‚
1143 2371 1316 2419 nempe
1352 2354 1569 2419 proxime
1606 2354 1778 2411 minor,
1823 2362 1894 2402 est
1934 2359 2046 2411 538,
2091 2362 2138 2402 et
2177 2355 2393 2418 proxime

643 2446 798 2509 major
829 2452 900 2493 est
928 2449 1041 2501 539,
1077 2445 1161 2507 (ex
1192 2442 1518 2507 superioribus
1539 2443 1839 2507 integrorum
1862 2443 2065 2507 regulis)
2089 2443 2262 2507 quibus
2286 2446 2392 2492 sub-

644 2534 898 2582 scribendo
939 2532 1352 2582 denominatorem
1389 2537 1488 2581 200
1524 2539 1756 2596 optatum,
1799 2533 1915 2580 fient
1952 2533 2065 2599 3333,
2108 2533 2265 2581 minor
2302 2541 2391 2582 ter-

641 2623 815 2680 minus,
858 2630 907 2672 et
943 2624 1057 2690 {3-3,
1100 2623 1254 2687 major
1290 2621 1539 2678 terminus,
1582 2621 1859 2671 differentes
1900 2623 1997 2670 sola
2036 2623 2178 2670 unica
2217 2623 2389 2672 ducen-

643 2712 812 2760 tesima
834 2711 1049 2769 unitatis,
1082 2722 1131 2761 et
1160 2711 1231 2759 ita
1259 2718 1390 2759 arcte
1419 2710 1533 2759 satis
1556 2710 1856 2759 includentes
1892 2714 2032 2788 {427}
2066 2729 2149 2759 seu
2178 2712 2389 2768 radicem

641 2801 981 2864 bipartientem
1003 2802 1147 2865 hujus
1169 2799 1416 2849 fractionis
1439 2802 1506 2877 259
1531 2799 1796 2863 quaesitam.

987 3002 1276 3065 Exemplum
1298 3002 1477 3050 radicis
1501 3002 1830 3066 tripartientis.

709 3157 848 3214 Item,
886 3157 949 3205 sit
983 3156 1283 3206 extrahenda
1314 3157 1455 3206 radix
1489 3156 1766 3222 tripartiens
1797 3156 1823 3203 ὲ
1852 3158 1898 3221 ξ,
1933 3172 2016 3204 seu
2048 3155 2206 3219 potius
2242 3157 2381 3220 (quia

638 3246 743 3294 haec
771 3245 911 3294 radix
939 3262 1038 3294 non
1067 3252 1139 3293 est
1167 3261 1368 3293 numero
1397 3245 1720 3309 explicabilis)
1749 3250 2027 3308 quaerantur
2056 3245 2157 3308 ejus
2187 3245 2378 3293 termini
