2878 3900
1044 479 1134 522 DE
1168 480 1344 523 ARTE
1377 480 1760 525 LOGISTICA.
1912 547 1919 564 Α
2326 488 2379 529 79

624 642 836 674 mensem
859 626 911 674 in
934 632 1001 675 3O
1024 629 1132 691 (aut
1156 627 1207 676 id
1230 628 1385 693 circa)
1409 628 1525 686 dies,
1561 629 1689 678 diem
1718 629 1771 677 in
1803 634 1867 677 24
1899 628 2058 685 horaS,
2086 630 2185 686 δια,
2217 630 2375 679 distri-

623 716 791 764 buunt.
862 715 1159 775 Astronomi,
1185 718 1392 782 gradum
1414 718 1467 766 in
1490 718 1555 767 60
1578 719 1806 783 scrupula
1826 718 1998 783 prima,
2033 735 2118 767 seu
2147 719 2375 768 minutias

622 805 817 870 primas,
854 806 1061 870 primam
1090 806 1142 854 in
1174 806 1240 855 60
1269 808 1517 865 secundas,
1555 809 1816 857 secundam
1847 808 1899 856 in
1931 808 1996 857 60
2027 808 2208 865 tertias,
2237 815 2284 856 et
2307 809 2375 857 ita

623 895 861 960 deinceps,
894 895 1185 959 partiuntur.

489 1074 549 1121 In
590 1074 902 1122 fractionibus
938 1075 1164 1140 physicis,
1216 1075 1308 1124 hoc
1347 1093 1457 1124 cum
1496 1076 1775 1141 vulgaribus
1817 1094 2068 1125 commune
2110 1085 2195 1134 est,
2240 1079 2385 1140 qued<

421 1163 605 1227 quoties
660 1164 789 1212 ultra
840 1181 980 1212 suum
1032 1164 1443 1214 denominatorem
1494 1166 1803 1222 accreverint,
1865 1166 2159 1230 superiorem
2212 1166 2371 1214 locum

420 1253 604 1301 unitate
645 1260 857 1318 augent3
909 1260 958 1302 et
998 1254 1183 1317 quoties
1223 1256 1376 1319 major
1421 1255 1591 1304 fractio
1637 1257 1664 1302 a
1709 1255 1893 1304 minore
1935 1257 2247 1304 subducenda
2292 1257 2367 1313 sit,

417 1344 692 1406 praestanda
722 1350 793 1391 est
823 1342 868 1391 ei
899 1343 1157 1407 superioris
1187 1343 1281 1395 loci
1312 1344 1471 1393 unitas
1504 1346 1567 1392 ad
1597 1345 1837 1393 defectum
1868 1346 2202 1409 supplendum.

686 1432 757 1481 Ut
788 1431 829 1480 si
858 1432 1038 1480 fuerint
1065 1438 1126 1480 14
1149 1433 1280 1481 horae
1305 1434 1541 1482 addendae
1566 1435 1629 1482 ad
1656 1439 1716 1488 19
1740 1434 1898 1491 horas,
1934 1451 2042 1498 quae
2071 1435 2369 1484 constituunt

613 1525 678 1569 33
709 1521 866 1578 horas,
904 1537 993 1584 pro
1029 1521 1203 1584 quibus
1237 1539 1335 1570 non
1371 1522 1649 1571 scribuntur
1677 1527 1742 1571 33
1778 1523 1924 1579 horae,
1965 1525 2062 1580 sed,
2102 1525 2192 1572 sub
2228 1524 2368 1573 titulo

612 1610 801 1658 dierum
831 1618 879 1658 et
909 1610 1153 1667 horarum,
1193 1611 1470 1660 scribuntur
1501 1612 1603 1661 dies
1638 1619 1660 1660 1
1697 1620 1745 1661 et
1775 1619 1806 1667 9
1835 1613 1967 1661 horae
1989 1634 2002 1673 3
2043 1613 2159 1677 quia
2186 1614 2314 1663 ultra
2337 1621 2367 1668 9

610 1700 753 1749 horas
789 1708 1101 1749 accreverunt
1137 1707 1201 1749 24
1236 1701 1368 1750 horae
1402 1701 1454 1749 in
1490 1702 1633 1751 diem.
1706 1703 1798 1760 Ita,
1832 1720 1921 1767 pro
1950 1709 1982 1761 7
2014 1710 2062 1751 et
2093 1709 2124 1757 9
2156 1704 2366 1752 denariis

611 1790 860 1847 addendis,
908 1807 1006 1838 non
1047 1790 1325 1840 scribuntur
1370 1791 1431 1840 16
1472 1792 1675 1849 denarii,
1726 1793 1810 1840 sed
1849 1798 1882 1840 4
1907 1773 2125 1856 denarii,
2170 1801 2231 1851 et,
2277 1811 2365 1858 pro

611 1880 810 1928 accretis
851 1879 1051 1944 reliquis
1097 1886 1158 1928 12
1199 1881 1425 1938 denariis,
1479 1887 1503 1929 1
1547 1882 1638 1930 sub
1678 1881 1819 1930 titulo
1861 1881 2002 1930 solidi
2041 1881 2362 1931 inscribenda.

611 1969 749 2026 Item,
781 1986 870 2033 pro
901 1975 966 2018 48
997 1969 1234 2034 scrupulis
1264 1970 1434 2034 primis
1464 1971 1698 2019 addendis
1730 1972 1794 2019 ad
1832 1976 1892 2019 15
1929 1971 2154 2035 scrupula
2190 1972 2359 2035 prima,

607 2076 704 2107 non
735 2059 1018 2114 ,scribuntur
1050 2058 1114 2107 63
1147 2059 1374 2123 scrupula
1402 2059 1573 2124 prima,
1608 2061 1694 2108 sed
1724 2064 1756 2108 3
1787 2067 1991 2117 tantum,
2025 2067 2072 2108 et
2108 2066 2130 2108 1
2165 2062 2358 2124 gradus,

600 2165 695 2212 pro
729 2148 929 2212 reliquis
966 2148 1031 2197 60
1066 2149 1316 2213 scrupulis.
1390 2149 1542 2197 Haud
1577 2167 1726 2206 secus,
1762 2157 1906 2213 prout
1941 2158 2040 2198 tam
2074 2150 2125 2197 in
2160 2151 2360 2215 integris

606 2239 750 2301 quam
773 2238 826 2285 in
849 2237 1014 2286 fractis
1037 2238 1317 2303 vulgaribus
1341 2238 1567 2295 numeris,
1601 2238 1707 2287 fieri
1732 2238 1850 2287 solet
1872 2259 1885 2298 ;
1927 2246 1980 2287 ut
2004 2256 2114 2287 cum
2139 2240 2361 2287 addenda

605 2335 717 2375 sunt
748 2327 962 2391 quinque
986 2335 1189 2376 centena
1211 2328 1274 2376 ad
1298 2334 1405 2376 octo
1429 2335 1645 2385 centena,
1677 2345 1775 2376 non
1807 2327 2099 2385 scribuntur,
2132 2346 2221 2376 nec
2249 2346 2356 2392 pro-

602 2415 911 2473 nunciantur,
962 2421 1020 2464 13
1062 2424 1276 2474 centena,
1322 2418 1406 2465 sed
1445 2417 1577 2465 mille
1617 2417 1833 2474 trecenti,
1875 2417 1968 2466 hoc
2006 2418 2164 2474 modo,
2213 2422 2353 2466 1300.

605 2505 670 2553 Et
700 2505 752 2552 in
782 2505 948 2553 fractis
979 2505 1258 2570 vulgaribus
1289 2506 1539 2563 addendis,
1577 2506 1727 2555 veluti
1757 2524 1839 2554 sex
1871 2514 2078 2571 septenae
2108 2524 2192 2555 seu
2220 2509 2268 2573 9,
2308 2515 2354 2555 et

602 2594 817 2658 quinque
852 2601 1060 2659 septenae
1091 2613 1176 2643 seu
1203 2598 1237 2661 ἦ
1268 2595 1461 2654 additae,
1494 2604 1542 2644 et
1566 2595 1729 2645 debito
1751 2588 1894 2644 modo
1918 2596 2222 2653 abbreviatae,
2255 2613 2352 2644 non

600 2691 712 2732 sunt
747 2684 965 2732 dicendae
1003 2685 1227 2733 undecim
1267 2692 1491 2750 septenae,
1533 2686 1617 2734 sed
1653 2693 1859 2749 quatuor
1896 2693 2116 2749 septenae,
2162 2693 2222 2742 et,
2262 2703 2349 2749 pro

599 2772 797 2836 reliquis
821 2781 1004 2838 septem
1028 2774 1250 2839 septeniS,
1278 2774 1533 2824 scribenda
1555 2782 1626 2824 est
1650 2775 1823 2832 unitas,
1850 2774 1942 2822 hoc
1965 2774 2074 2830 situ,
2106 2777 2180 2840 lss·
2252 2774 2343 2830 Sic,

599 2862 651 2909 in
692 2862 1054 2920 substractione,
1096 2863 1138 2911 si
1176 2864 1356 2913 fuerint
1397 2865 1758 2914 substrahendae
1799 2869 1860 2912 14
1899 2863 2044 2920 horae,
2089 2862 2345 2927 superioris

599 2950 819 3015 exempli,
847 2969 907 3000 ex
930 2969 1026 3000 uno
1049 2952 1127 3001 die
1151 2960 1199 3002 et
1222 2958 1253 3008 9
1275 2953 1611 3019 horis,—quia
1630 2959 1690 3002 14
1714 2954 1845 3001 horae
1869 2953 2105 3001 excedunt
2129 2957 2160 3005 9
2183 2951 2338 3009 horas,

598 3041 706 3088 ideo
740 3040 1046 3089 resolvendus
1081 3049 1153 3090 est
1187 3041 1289 3091 dies
1322 3042 1404 3091 ille
1439 3043 1608 3093 unicus
1642 3043 1694 3091 in
1729 3048 1794 3090 24
1827 3042 1984 3098 horas,
2022 3058 2130 3104 quae
2166 3058 2275 3088 cum
2311 3047 2341 3094 9

596 3129 728 3177 horis
765 3129 980 3178 efficiunt
1015 3134 1081 3178 33
1117 3130 1295 3192 horas;
1345 3133 1371 3181 ὲ
1412 3133 1586 3196 quibus
1626 3132 1873 3181 subductis
1914 3136 1975 3179 14
2011 3129 2156 3186 horis,
2199 3130 2340 3178 relin-

597 3226 827 3282 quuntur,
868 3227 922 3267 ut
959 3236 1117 3283 supra,
1165 3226 1225 3275 19
1262 3221 1395 3270 horae
1436 3222 1662 3286 quaesitae.
1734 3221 1827 3277 Sic,
1871 3237 1930 3268 ex
1969 3226 1991 3267 1
2034 3218 2183 3268 solido
2223 3227 2270 3267 et
2306 3224 2338 3267 4
