2878 3900
1034 475 1124 518 DE
1159 474 1335 518 ARTE
1370 476 1751 522 LOGISTICA.
2315 477 2368 516 23

1145 813 1421 870 CAPUT
1465 815 1635 870 VIII.

601 995 680 1034 DE
711 995 1289 1036 COMPUTATIONIBUS
1318 996 1767 1044 QUANTITATUM
1798 995 2178 1035 FRACTARUM.

481 1155 810 1204 ADDITIONES
852 1163 899 1204 et
939 1157 1312 1206 substractiones
1353 1165 1464 1205 sunt
1504 1157 1793 1206 fractionum
1832 1159 2046 1222 ejusdem
2087 1157 2361 1205 denomina-

413 1244 571 1292 tionis.

481 1333 534 1382 Si
556 1333 758 1382 diversae
781 1340 893 1382 sunt
917 1333 1333 1391 denominationis,
1361 1335 1426 1382 ad
1447 1335 1649 1382 eandem
1670 1335 1978 1383 reducantur.

480 1422 804 1469 Reducuntur
848 1428 1024 1479 autem,
1072 1422 1263 1487 partitis
1310 1422 1560 1494 utriusque
1605 1423 2046 1472 denominatoribus
2091 1440 2177 1487 per
2223 1441 2362 1472 suum

410 1509 676 1558 maximum
710 1527 1012 1560 communem
1045 1511 1342 1576 partitorem,
1379 1511 1559 1560 notatis
1594 1511 1767 1576 quotis.
1857 1548 1859 1551 -

479 1600 603 1648 Inde
633 1599 1001 1665 multiplicando
1030 1607 1259 1665 utrosque
1289 1600 1519 1649 terminos
1548 1601 1724 1665 prioris
1760 1601 1813 1649 in
1850 1608 2050 1665 quotum
2085 1602 2361 1666 posterioris

409 1689 799 1746 denominatoris,
840 1697 887 1738 et
920 1689 976 1737 fit
1009 1706 1134 1738 nova
1166 1689 1334 1754 prior3
1373 1696 1421 1738 et
1449 1686 1679 1754 utrosque
1708 1690 1938 1738 terminos
1968 1689 2244 1754 posterioris
2275 1707 2361 1754 per

410 1785 610 1841 quotum
632 1778 808 1843 prioris
837 1778 1226 1836 denominatoris,
1261 1786 1309 1828 et
1338 1779 1394 1828 fit
1423 1797 1549 1829 nova
1575 1780 1812 1845 posterior
1841 1781 2056 1844 ejusdem
2085 1780 2359 1828 denomina-

408 1867 565 1916 tionis.

675 1956 748 2005 Ut
772 1956 870 2004 sint
893 1957 1058 2005 fractae
1081 1960 1116 2024 ξ
1137 1964 1185 2006 et
1207 1958 1241 2023 ᾖ
1263 1958 1328 2006 ad
1351 1958 1553 2006 eandem
1576 1958 2013 2007 denominationem
2035 1959 2322 2006 reducendae
2342 1979 2355 2018 3

607 2046 1027 2094 denominatorum
1055 2050 1088 2094 3
1119 2054 1168 2095 et
1202 2052 1233 2101 9
1265 2039 1530 2095 comnfi'mis
1566 2047 1803 2095 maximus
1839 2047 2048 2112 partitor
2081 2054 2153 2096 est
2186 2052 2232 2104 3,
2272 2065 2359 2112 per

609 2151 718 2197 quae
742 2133 909 2182 divisis
934 2134 1392 2192 denominatoribus,
1412 2134 1634 2183 oriuntur
1661 2140 1685 2182 1
1710 2152 1799 2199 pro
1820 2136 1994 2199 priore,
2016 2143 2064 2184 et
2084 2140 2117 2183 3
2141 2152 2230 2199 pro
2252 2153 2358 2199 pos-

608 2222 815 2282 teriore3
855 2223 1043 2280 deinde,
1064 2223 1396 2287 multiplicatis
1414 2226 1460 2290 Ξ,
1482 2230 1686 2287 utroque
1704 2224 1923 2281 termino,
1943 2242 2031 2288 per
2046 2224 2358 2288 posteriorem

605 2318 809 2374 quotum
831 2316 877 2368 3,
905 2312 1128 2360 oriuntur
1150 2314 1184 2377 8
1206 2328 1295 2377 pro
1317 2312 1478 2377 priore
1500 2316 1637 2361 nova.
1708 2313 1788 2361 Sic
1814 2312 2182 2377 multiplicando
2209 2314 2243 2378 8
2270 2330 2357 2378 per

604 2399 841 2448 unitatem
859 2400 1058 2464 (prioris
1077 2401 1259 2449 scilicet
1277 2403 1516 2465 quotum),
1533 2401 1657 2449 fiunt
1673 2402 1706 2467 ᾖ
1723 2403 1764 2465 ej
1771 2402 1937 2450 usdem
1955 2401 2356 2450 denominationis

603 2506 713 2537 cum
735 2491 782 2554 8.

475 2667 670 2715 Harum
682 2667 784 2731 jam
802 2669 1016 2732 ejusdem
1035 2668 1451 2726 denominationis,
1473 2669 1715 2717 addantur
1733 2676 1780 2717 et
1798 2669 2169 2718 substrahantur
2190 2687 2351 2718 nume-

405 2763 589 2804 ratores
619 2756 746 2813 novi,
781 2758 968 2806 retento
996 2775 1121 2806 novo
1152 2766 1200 2807 et
1229 2758 1473 2807 communi
1506 2758 1880 2816 denominatore,
1921 2766 1969 2806 et
1995 2758 2193 2807 habebis
2217 2759 2348 2807 addi-

404 2843 547 2892 tionis
571 2851 737 2903 totam,
766 2852 813 2893 et
837 2847 1199 2895 substractionis
1221 2847 1478 2896 residuam.

671 2934 744 2982 Ut
781 2935 1027 2999 superiore
1057 2937 1274 3001 exemplo
1305 2938 1546 2986 addantur
1573 2937 1687 2986 novi
1714 2944 2040 2985 numeratores
2072 2934 2102 2983 6
2133 2942 2180 2982 et
2214 2943 2269 2993 ’7,-
2300 2944 2348 2985 et

603 3022 827 3071 oriuntur
857 3029 931 3081 13,
967 3042 1088 3088 quae,
1115 3043 1225 3074 cum
1247 3027 1607 3075 denominatore
1630 3026 1873 3075 communi
1896 3030 1940 3081 9,
1967 3023 2149 3073 faciunt
2172 3025 2232 3100 1—95
2259 3041 2347 3088 pro

602 3111 864 3159 additionis
890 3115 1001 3161 tota.
1052 3114 1131 3163 Sic
1155 3114 1196 3162 si
1219 3115 1536 3164 substraxeris
1558 3118 1592 3181 8
1615 3133 1674 3164 ex
1696 3116 1743 3181 ᾖ,
1769 3112 2035 3163 remanebit
2056 3113 2090 3177 3¹5
2113 3112 2347 3160 substrac-

598 3199 742 3248 tionis
771 3200 977 3250 residua.
