2878 3900
536 558 589 596 54
1141 549 1228 592 DE
1262 546 1436 591 ARTE
1471 542 1846 588 LOGISTICA.

603 698 732 746 Situs
777 706 862 752 est,
909 704 961 743 ut
1006 695 1093 743 sub
1138 692 1349 741 radicato
1392 690 1552 739 oblato
1596 690 1704 737 duae
1749 689 1988 736 ducantur
2026 687 2166 736 lineae
2203 687 2459 752 parallelae,

536 800 737 847 quarum
769 781 1068 831 intervallum
1101 779 1163 827 sit
1196 777 1370 827 radicis
1405 776 1615 841 quaesitae
1648 791 1816 839 capax,
1855 774 1981 823 inter
2014 790 2149 838 quas,
2185 775 2276 824 sub
2308 775 2462 839 figura

534 872 707 921 radicis
742 870 962 926 dextima,
1002 867 1214 932 signetur
1251 873 1516 930 punctum;
1570 863 1745 913 abhinc
1785 870 1945 911 autem
1984 861 2325 918 sinistrorsum,
2368 863 2457 910 sub

531 959 734 1009 secunda
762 961 946 1021 quaque
975 956 1128 1020 figura
1158 971 1245 1019 pro
1274 953 1435 1002 radice
1464 952 1767 1017 bipartiente,
1800 958 1848 999 et
1877 950 1967 999 sub
1997 948 2139 998 tertia
2160 953 2348 1014 quaque
2370 966 2458 1013 pro

531 1045 839 1110 tripartientc‚
878 1052 925 1092 et
962 1043 1050 1091 sub
1084 1042 1251 1106 quinta
1285 1044 1471 1105 quaque
1506 1057 1595 1105 pro
1629 1038 2055 1103 quintupartiente,
2093 1039 2192 1094 &c.,
2229 1046 2456 1087 notentur

527 1143 714 1197 puncta.

594 1221 650 1269 In
687 1220 788 1269 haec
823 1228 1014 1284 puncta,
1054 1219 1178 1268 inter
1216 1217 1572 1282 lineas‘posita,
1614 1217 1794 1265 cadunt
1828 1215 1996 1280 figurae
2035 1214 2236 1279 singulae
2275 1210 2475 1263 radicis*

523 1309 743 1372 quaesitae.

588 1485 893 1550 Operationis
916 1491 1075 1533 autem
1099 1484 1195 1532 duo
1217 1491 1328 1532 sunt
1350 1490 1601 1548 praecepta„

588 1574 818 1633 Primum,
856 1582 909 1622 ut
942 1575 969 1620 a
1000 1572 1181 1637 figuris,
1216 1572 1269 1620 in
1303 1571 1549 1620 sinistrum
1581 1578 1813 1635 punctum
1847 1569 2227 1627 terminantibus,
2259 1571 2448 1620 auferas

520 1661 783 1710 radicatum
805 1660 1057 1726 propositae
1079 1659 1267 1725 speciei,
1287 1659 1338 1708 in
1361 1659 1523 1708 tabula
1545 1659 1751 1708 secunda
1772 1658 1992 1715 inventae,
2018 1660 2162 1722 quam
2183 1659 2446 1708 maximum

518 1752 703 1798 auferre
735 1749 925 1814 poteris,
967 1749 1142 1798 notatis
1176 1765 1321 1813 supra
1353 1747 1583 1812 reliquiis,
1625 1755 1672 1796 et
1705 1747 1809 1796 loco
1842 1746 1985 1812 hujus
2019 1746 2244 1796 sinistimi
2279 1749 2446 1813 puncti

516 1847 719 1901 ponatur
741 1837 969 1901 assumpti
991 1837 1193 1886 radicati
1214 1837 1371 1901 figura
1393 1835 1637 1893 tabularis,
1661 1852 1750 1900 pro
1770 1835 1926 1900 prima
1946 1835 2123 1884 radicis
2145 1836 2313 1901 figura.

581 1926 865 1981 Secundum,
904 1932 971 1981 ut,
1008 1925 1132 1973 facta
1165 1925 1435 1988 conjectura
1462 1941 1521 1972 ex
1550 1923 1718 1988 primis
1748 1923 2067 1988 supplementi
2089 1925 2316 1981 numeris,
2343 1943 2443 1974 suc-

514 2013 651 2060 cedat
680 2012 730 2059 in
760 2012 974 2076 sequenti
1004 2019 1195 2076 puncto,
1227 2029 1310 2060 seu
1338 2011 1535 2076 periodo
1565 2012 1812 2077 ejusmodi,
1845 2028 2010 2061 recens
2039 2020 2087 2061 et
2115 2030 2241 2062 nova
2269 2015 2440 2079 figura,

512 2101 645 2163 cujus
674 2100 1051 2163 supplementum
1074 2099 1328 2163 propositae
1358 2099 1546 2163 speciei,
1580 2101 1722 2163 quam
1750 2099 2013 2148 maximum
2043 2100 2123 2157 sit,
2154 2118 2252 2150 non
2280 2110 2442 2152 tamen

510 2188 706 2236 excedat
744 2187 921 2251 figuras
966 2187 1037 2235 illi
1082 2188 1347 2251 superiores
1385 2187 1436 2235 in
1475 2186 1578 2252 ipsa
1615 2187 1705 2236 hac
1743 2188 1941 2252 periodo
1980 2189 2326 2249 terminantes3
2382 2209 2440 2240 ex

510 2276 681 2339 quibus
726 2276 837 2324 inde
883 2275 1262 2340 supplementum
1306 2275 1434 2323 idem
1479 2275 1738 2332 auferatur,
1796 2276 2013 2340 reliquiis
2057 2294 2204 2342 supra
2246 2280 2438 2328 notatis.

511 2365 672 2427 Atque
711 2363 813 2411 haec
853 2364 1060 2412 secunda
1097 2363 1309 2428 operatio
1348 2363 1500 2421 toties,
1543 2381 1628 2412 seu
1666 2372 1737 2413 tot
1776 2364 1976 2423 vicibuS,
2019 2374 2278 2431 repetatur,
2321 2378 2437 2431 quot

508 2459 759 2514 supersunt
791 2450 975 2514 periodi
1007 2468 1166 2500 vacuae
1199 2468 1361 2500 versus
1395 2452 1647 2511 dextram;
1690 2460 1740 2500 et
1771 2452 1939 2517 figurae
1974 2453 2027 2502 in
2061 2454 2284 2519 periodos
2319 2456 2436 2505 inci-

507 2540 670 2586 dentes
693 2546 802 2587 sunt
823 2538 961 2587 radix
983 2540 1194 2602 quaesita.

769 2625 852 2682 Ut,
878 2626 1080 2691 exempli
1102 2627 1268 2691 gratia,
1294 2627 1357 2676 sit
1386 2628 1683 2677 extrahenda
1709 2628 1851 2678 radix
1879 2629 2144 2694 bipartiens
2174 2631 2201 2680 ὲ
2231 2637 2394 2681 55225
2417 2652 2429 2681 ι

701 2712 1066 2762 Constituantur
1088 2714 1182 2763 situ
1205 2732 1299 2779 quo
1321 2717 1348 2763 a
1368 2716 1584 2781 margine
1603 2737 1618 2777 ;
1654 2717 1829 2766 deinde
1851 2717 2023 2782 primo,
2053 2720 2082 2766 a
2102 2725 2150 2776 5,
2183 2719 2433 2769 sinistimae

716 2856 844 2894 55225
935 2801 1134 2865 periodi,
1156 2802 1289 2850 aufer
1306 2803 1564 2853 maximum
1581 2804 1879 2869 duplicatum
1901 2806 2077 2855 tabulae
2099 2808 2229 2871 quod
2253 2810 2432 2858 auferri

711 2905 847 2941 Ξ
934 2887 1095 2952 possit,
1120 2889 1299 2938 scilicet
1321 2896 1367 2947 4,
1394 2899 1441 2939 et
1462 2899 1611 2940 restat
1637 2898 1679 2949 1,
1707 2892 1875 2941 deletis
1898 2900 1930 2942 5
1955 2910 2102 2958 supra
2128 2902 2177 2944 et
2205 2902 2239 2944 4
2268 2896 2426 2957 infra3

716 2997 728 3030 1
931 2977 1225 3039 quaternarii
1242 2978 1379 3026 radix
1395 2979 1658 3043 bipartiens
1675 2981 1920 3039 tabularis,
1940 2999 2048 3046 quae
2065 2990 2138 3032 est
2154 2989 2201 3042 2,
2221 2994 2429 3050 ponatur

704 3047 843 3122 Q
928 3064 1096 3128 primae
1118 3064 1303 3129 periodi
1326 3066 1430 3115 loco
1450 3087 1463 3126 ;
1501 3072 1532 3115 Q
1555 3085 1668 3133 ergo
1690 3069 1917 3119 dicuntur
1937 3073 2213 3135 praecedens
2235 3074 2422 3138 figura;

710 3124 733 3158 ²
926 3152 1006 3201 cui
1028 3154 1284 3202 succedens
1306 3163 1377 3203 est
1395 3157 1664 3217 quaerenda,
1681 3157 1795 3206 etin
1813 3161 2022 3209 secunda
2036 3161 2236 3226 periodo
2252 3163 2424 3213 consti-

925 3241 1115 3297 tuenda,
1150 3243 1283 3304 cujus
1314 3243 1692 3307 supplementum
1723 3263 1818 3295 non
1848 3250 2047 3298 excedat
2077 3252 2425 3316 suprascriptas

710 3184 736 3226 4
