2878 3900
558 547 611 589 86
1163 542 1250 584 DE
1283 540 1456 585 ARTE
1489 536 1865 583 LOGISTICA.

627 691 684 739 ln
709 688 960 738 uninomiis
983 686 1331 736 abundantibus
1355 692 1402 732 et
1424 681 1683 738 defectivis,
1713 696 1810 728 non
1832 678 2038 727 multum
2060 678 2207 727 refert
2230 695 2292 727 an
2315 680 2480 729 debita

557 778 726 843 copula
763 783 1062 841 praeponatur
1096 790 1156 821 an
1196 772 1559 835 interponatur;
1610 774 1805 832 praestat
1842 774 2000 815 tamen
2040 782 2147 814 eam
2184 783 2475 831 praeponere.

559 866 617 913 In
652 862 902 913 uninomiis
938 870 1093 910 autem
1128 858 1329 923 geminis
1365 864 1412 905 et
1447 855 1726 921 nugacibus,
1769 854 1941 918 copula
1977 853 2141 902 debita
2179 861 2252 902 est
2292 872 2476 919 semper

556 950 906 1015 interponenda.

812 1036 959 1084 Primi
982 1052 1116 1083 casus
1139 1034 1405 1097 exemplum
1429 1040 1499 1080 est
1526 1027 1666 1087 Ι-ΙΟ,
1698 1047 1781 1078 seu
1811 1030 1966 1093 (quod
1994 1045 2081 1093 per
2109 1046 2212 1094 cap.
2239 1029 2270 1077 6
2294 1029 2404 1079 Lib.
2432 1031 2473 1079 1.

742 1124 867 1171 idem
889 1125 984 1186 est)
1012 1128 1208 1183 1-410,
1239 1129 1309 1169 est
1333 1122 1443 1185 (per
1466 1136 1568 1183 cap.
1595 1119 1626 1166 6
1650 1118 1759 1166 Lib.
1787 1117 1855 1180 Ι.)
1881 1116 2182 1165 uninomium
2205 1118 2470 1167 abundans.

742 1210 945 1259 Secundi
985 1227 1119 1258 casus
1154 1209 1435 1272 exemplum,
1484 1202 1690 1263 Ι--ΙΟ,
1734 1213 1805 1254 est
1845 1205 2145 1254 uninomium
2181 1206 2470 1255 defectivum

737 1300 863 1362 (cap.
901 1298 1104 1360 codem).
1181 1296 1338 1345 Tertii
1378 1312 1513 1344 casus
1553 1294 1822 1358 exemplum
1862 1301 1933 1342 est
1977 1290 2117 1351 Ι-ΙΙΟ,
2161 1312 2246 1343 seu
2284 1300 2471 1357 Ι-Η-ΙΟ

735 1389 877 1450 (quae,
916 1394 967 1434 ut
999 1402 1155 1449 supra,
1193 1385 1357 1433 cadem
1388 1386 1537 1447 sunt),
1571 1381 1808 1447 significat
1839 1390 1938 1430 tam
1968 1382 2287 1446 quantitatem
2319 1385 2467 1433 abun-

734 1476 939 1530 dantem,
971 1491 1077 1537 quae
1106 1474 1156 1521 in
1187 1491 1235 1521 sc
1264 1474 1408 1521 ducta
1429 1471 1544 1520 facit
1569 1477 1704 1532 ÷10,
1739 1472 1881 1534 quam
1905 1470 2189 1520 defectivam
2212 1490 2318 1536 quae
2341 1472 2393 1521 in
2416 1491 2466 1522 se

734 1564 876 1611 ducta
909 1562 1020 1610 facit
1049 1562 1192 1610 etiam
1225 1567 1378 1622 410:
1428 1559 1606 1616 Veluti,
1638 1558 1886 1607 lucidioris
1914 1560 2121 1624 exempli
2146 1561 2317 1625 gratia,
2353 1568 2461 1623 1-19,

735 1668 815 1699 seu
851 1656 1013 1711 Ι-Η-Ω,
1044 1658 1114 1698 est
1143 1658 1240 1698 tam
1272 1654 1359 1711 4-ss
1392 1651 1532 1713 quam
1562 1653 1692 1708 ——33
1738 1655 1791 1696 ut
1823 1648 2043 1712 superius
2075 1648 2184 1698 Lib.
2219 1649 2261 1698 Ι.
2294 1667 2397 1715 cap.
2431 1652 2463 1699 6

729 1739 1165 1787 demonstravimus.
1236 1738 1408 1788 Ultimi
1443 1754 1579 1786 casus
1609 1737 1879 1801 exemplum
1914 1744 1986 1786 est
2024 1742 2199 1798 1-1-9,
2240 1740 2370 1803 quod
2403 1757 2462 1788 ex

731 1827 871 1875 meris
899 1826 1161 1890 nugacibus
1191 1834 1274 1882 est,
1308 1843 1396 1874 nec
1426 1826 1683 1889 quicquam
1711 1825 1952 1890 significat
1984 1827 2114 1890 quod
2142 1827 2217 1875 vel
2248 1828 2461 1877 abundet

730 1914 799 1961 vel
832 1914 1052 1974 deficiat;
1094 1931 1205 1962 nam
1236 1914 1518 1962 novenarius
1554 1913 1815 1962 defectivus
1848 1913 2032 1963 nullam
2067 1914 2214 1963 habet
2247 1916 2459 1966 radicem

725 2002 1068 2066 bipartientem‚
1102 2010 1155 2050 ut
1179 2002 1287 2051 Lib.
1316 2003 1355 2050 Ι.
1387 2019 1488 2066 cap.
1515 2002 1545 2050 6
1572 2010 1718 2066 patet.

596 2176 652 2223 In
693 2178 953 2242 nugacibus
993 2195 1287 2243 summopere
1328 2181 1590 2228 cavendum
1630 2189 1700 2228 est
1740 2198 1801 2228 ne
1842 2181 2015 2245 copula
2053 2214 2120 2223 —-
2155 2181 2452 2239 minutionis,

525 2265 878 2329 interponenda,
911 2275 1229 2330 praeponatur.

791 2355 858 2403 Ut
898 2355 950 2411 si,
994 2372 1079 2419 pro
1125 2362 1282 2416 ι-Ι-ξ)
1318 2359 1448 2420 (quae
1491 2365 1562 2406 est
1605 2358 1744 2406 radix
1789 2358 2052 2423 bipartiens
2097 2359 2273 2407 minuti
2311 2377 2451 2409 nove-

723 2443 859 2498 narii,
896 2452 942 2491 et
973 2445 1231 2492 absurdum
1264 2453 1406 2509 atquc
1437 2446 1728 2510 impossibile
1758 2447 1944 2511 infert),
1977 2448 2235 2512 sumpseris
2267 2455 2447 2510 -1-19,

721 2547 824 2592 quae
871 2532 1182 2593 quantitatem
1232 2533 1463 2582 minutam
1513 2535 1675 2584 radice
1718 2535 2008 2603 bipartiente
2056 2537 2306 2586 novenarii
2358 2538 2450 2603 sig-

720 2617 894 2673 nificat,
932 2619 1069 2682 longe
1105 2621 1377 2669 aberrabis:
1428 2623 1591 2671 Radix
1624 2623 1753 2671 enim
1786 2623 2052 2688 bipartiens
2084 2625 2334 2674 novenarii
2367 2626 2449 2675 hic

719 2706 1003 2754 abundantis
1027 2707 1229 2769 (scilicet
1255 2712 1372 2773 1-19)
1395 2711 1586 2774 gemina
1606 2720 1691 2769 est,
1726 2712 1908 2761 scilicet
1940 2717 2029 2774 43
2052 2720 2100 2761 et
2124 2718 2236 2770 -3,
2275 2714 2328 2762 id
2357 2724 2443 2772 est,

720 2794 952 2842 ternarius
997 2796 1242 2844 abundans
1284 2805 1331 2845 et
1374 2800 1609 2848 ternarius
1657 2800 1952 2861 defectivus3
2008 2809 2057 2850 et
2095 2802 2166 2850 ita
2200 2803 2445 2866 quantitas

719 2879 792 2927 his
827 2881 1027 2944 geminis
1063 2887 1150 2943 43
1181 2892 1228 2931 et
1257 2890 1367 2941 -3,
1405 2886 1591 2936 minuta
1629 2888 1824 2953 gemina
1863 2889 1987 2949 erit3
2041 2889 2126 2954 qui
2158 2890 2322 2954 itaque
2354 2909 2443 2956 pro

721 2973 879 3028 1,]-9
917 2969 1052 3032 ponit
1087 2976 1263 3031 -1-19,
1303 2989 1390 3036 pro
1424 2976 1631 3024 absurdo
1664 2985 1712 3025 et
1746 2977 2045 3042 impossibili,
2087 2986 2136 3027 et
2172 2980 2443 3043 quantitate

714 3056 885 3120 nugaci
923 3065 971 3105 et
1010 3057 1133 3106 nihil
1171 3059 1480 3124 significante,
1527 3065 1707 3127 profert
1749 3066 2068 3129 quantitatem
2109 3068 2311 3132 geminae
2357 3087 2441 3119 seu

714 3144 915 3207 duplicis
950 3145 1339 3210 significationis3
1388 3151 1448 3199 ab
1481 3151 1572 3201 hoc
1601 3170 1727 3218 ergo,
1760 3154 1812 3202 in
1842 3171 1938 3218 quo
1967 3155 2164 3220 plurimi
2198 3168 2435 3215 errarunt,

714 3233 986 3281 cavendum.
