2878 3900
832 1141 1198 1217 LIBER
1273 1141 1912 1219 SECUNDUS.

538 1355 630 1404 DE
670 1356 1007 1406 POSITIVA
1047 1357 1196 1406 SIVE
1231 1357 1516 1407 COSSICA
1545 1357 1901 1408 ALGEBRAE
1942 1359 2200 1409 PARTE.

1186 1778 1463 1834 CAPUT
1518 1779 1564 1834 Ι.

654 1949 731 1988 DE
761 1949 1252 1989 DEFINITIONIBUS
1282 1949 1358 1988 ET
1390 1948 1797 1989 DIVISIONIBUS
1827 1949 2115 1997 PARTIUM,

990 2026 1064 2064 ET
1094 2025 1173 2064 DE
1203 2024 1544 2064 VOCABULIS
1574 2024 1763 2063 ARTIS.

472 2181 513 2229 1,
552 2176 835 2224 POSITIVAM
857 2175 1085 2240 Algebrae
1106 2184 1307 2240 partem,
1327 2192 1414 2239 per
1437 2173 1783 2238 suppositiones
1806 2174 1954 2232 fictas,
1976 2191 2136 2224 veram
2160 2160 2345 2238 quanti-

401 2273 547 2313 tatem
569 2282 830 2330 verumque
852 2283 1107 2315 numerum
1132 2265 1386 2330 quaesitum
1412 2263 1681 2328 patefacere
1708 2263 1930 2321 diximus,
1959 2264 2068 2313 Lib.
2095 2265 2136 2312 I.
2168 2281 2270 2328 cap.
2299 2270 2340 2320 1,

403 2361 514 2402 sect.
540 2361 586 2412 7.

468 2448 513 2490 Q.
552 2442 818 2490 Positiones
854 2443 1013 2499 etiam,
1052 2442 1150 2491 sive
1184 2441 1549 2506 suppositioneS,
1594 2448 1706 2489 sunt
1744 2441 1921 2489 notulae
1961 2441 2181 2504 quaedam
2220 2441 2342 2489 fictae

403 2531 587 2579 unitate
610 2537 802 2587 notatae,
837 2548 955 2594 quas
978 2531 1083 2579 loco
1107 2548 1162 2579 ac
1185 2530 1288 2579 vice
1314 2529 1647 2597 quantitatum·
1663 2546 1718 2577 ac
1740 2545 2049 2577 numerorum
2070 2528 2342 2593 ignotorum

400 2619 635 2676 addimus,
663 2619 1030 2676 substrahimus,
1056 2618 1435 2683 multiplicamus
1460 2625 1544 2666 aut
1566 2617 1838 2666 dividimus.

463 2713 509 2755 3.
548 2707 814 2756 Positiones
847 2715 1020 2765 autem,
1058 2715 1107 2756 et
1140 2707 1437 2772 positionum
1469 2706 1662 2763 notulae,
1695 2713 1767 2754 tot
1798 2712 1909 2754 sunt
1940 2705 2141 2754 diversae
2171 2714 2218 2754 et
2247 2706 2339 2754 dis-

398 2796 576 2844 similes
611 2804 728 2860 quot
763 2796 990 2853 diversos,
1031 2796 1301 2854 dissimiles,
1347 2796 1631 2861 ignotosque
1667 2812 1890 2844 numeros
1928 2802 2011 2843 aut
2050 2794 2339 2858 quantitates

398 2883 731 2948 complectitur
766 2884 980 2947 quaestio.

662 2974 900 3030 Quarum,
926 2972 1133 3036 exempli
1155 2973 1323 3037 gratia,
1350 2974 1517 3037 figurae
1542 2980 1590 3021 et
1610 2971 1807 3020 nomina
1829 2978 1941 3019 sunt
1967 2970 2062 3028 ch,
2100 2987 2207 3034 quae
2242 2987 2339 3018 una

593 3061 751 3126 prima
773 3061 950 3125 positio
974 3061 1166 3119 dicitur,
1197 3066 1273 3119 la,
1309 3079 1420 3125 quae
1443 3079 1594 3110 unum
1618 3079 1662 3117 α,
1697 3061 1794 3108 sive
1817 3077 1915 3108 una
1936 3059 2146 3107 secunda
2166 3059 2339 3123 positio

594 3149 807 3209 dicitur3
853 3149 924 3205 lb,
953 3166 1104 3197 unum
1131 3149 1171 3206 b,
1206 3149 1306 3197 sive
1330 3166 1429 3197 una
1450 3149 1594 3198 tertia
1614 3147 1821 3212 positio,
1863 3153 1938 3204 lc,
1976 3164 2125 3195 unum
2155 3164 2195 3204 c,
2238 3147 2336 3195 sive

594 3255 691 3287 una
714 3245 889 3302 quarta
911 3237 1086 3302 positio
1107 3258 1120 3297 ;
1158 3245 1207 3286 et
1230 3238 1298 3286 sic
1319 3256 1406 3303 per
1429 3238 1751 3303 alphabetum.
1781 3219 1784 3222 Δ
