<?xml version="1.0" encoding="UTF-8"?>
<!DOCTYPE html PUBLIC "-//W3C//DTD XHTML 1.0 Transitional//EN"
    "http://www.w3.org/TR/xhtml1/DTD/xhtml1-transitional.dtd">
<html xmlns="http://www.w3.org/1999/xhtml" xml:lang="en" lang="en">
 <head>
  <title>
</title>
<meta http-equiv="Content-Type" content="text/html;charset=utf-8" />
  <meta name='ocr-system' content='tesseract 3.04.00' />
  <meta name='ocr-capabilities' content='ocr_page ocr_carea ocr_par ocr_line ocrx_word'/>
</head>
<body>
  <div class='ocr_page' id='page_1' title='image "./deartelogistic6200napiuoft_0127.png"; bbox 0 0 2878 3900; ppageno 0'>
   <div class='ocr_carea' id='block_1_1' title="bbox 1036 548 2367 596">
    <p class='ocr_par' dir='ltr' id='par_1_1' title="bbox 1036 548 2367 596">
     <span class='ocr_line' id='line_1_1' title="bbox 1036 548 2367 596; baseline 0.005 -6"><span class='ocrx_word' id='word_1_1' title='bbox 1036 548 1123 591; x_wconf 90' lang='lat' dir='ltr'>DE</span> <span class='ocrx_word' id='word_1_2' title='bbox 1158 549 1335 592; x_wconf 91' lang='lat' dir='ltr'><strong>ARTE</strong></span> <span class='ocrx_word' id='word_1_3' title='bbox 1369 549 1751 594; x_wconf 90' lang='lat' dir='ltr'><strong>LOGISTICA.</strong></span> <span class='ocrx_word' id='word_1_4' title='bbox 2342 558 2367 596; x_wconf 88' lang='lat'><strong><em>5</em></strong></span> 
     </span>
    </p>
   </div>
   <div class='ocr_carea' id='block_1_2' title="bbox 409 695 2366 1018">
    <p class='ocr_par' dir='ltr' id='par_1_2' title="bbox 409 695 2366 1018">
     <span class='ocr_line' id='line_1_2' title="bbox 479 695 2365 760; baseline 0.003 -17"><span class='ocrx_word' id='word_1_5' title='bbox 479 696 567 744; x_wconf 88' lang='lat' dir='ltr'>Est</span> <span class='ocrx_word' id='word_1_6' title='bbox 601 704 649 744; x_wconf 90' lang='lat' dir='ltr'>et</span> <span class='ocrx_word' id='word_1_7' title='bbox 680 704 857 760; x_wconf 87' lang='lat' dir='ltr'>praeter</span> <span class='ocrx_word' id='word_1_8' title='bbox 890 695 995 744; x_wconf 88' lang='lat' dir='ltr'>haec</span> <span class='ocrx_word' id='word_1_9' title='bbox 1027 696 1162 745; x_wconf 89' lang='lat' dir='ltr'>aliud</span> <span class='ocrx_word' id='word_1_10' title='bbox 1192 714 1394 746; x_wconf 85' lang='lat' dir='ltr'>examen</span> <span class='ocrx_word' id='word_1_11' title='bbox 1428 699 1794 749; x_wconf 79' lang='lat' dir='ltr'>substractionis</span> <span class='ocrx_word' id='word_1_12' title='bbox 1827 699 1880 747; x_wconf 87' lang='lat' dir='ltr'>in</span> <span class='ocrx_word' id='word_1_13' title='bbox 1915 715 1979 755; x_wconf 88' lang='lat' dir='ltr'>se,</span> <span class='ocrx_word' id='word_1_14' title='bbox 2017 699 2365 748; x_wconf 89' lang='lat' dir='ltr'>substrahendo</span> 
     </span>
     <span class='ocr_line' id='line_1_3' title="bbox 409 783 2286 852; baseline 0.003 -21"><span class='ocrx_word' id='word_1_15' title='bbox 409 783 641 832; x_wconf 90' lang='lat' dir='ltr'>nimirum</span> <span class='ocrx_word' id='word_1_16' title='bbox 664 784 913 833; x_wconf 92' lang='lat' dir='ltr'>residuum</span> <span class='ocrx_word' id='word_1_17' title='bbox 936 802 995 833; x_wconf 88' lang='lat' dir='ltr'>ex</span> <span class='ocrx_word' id='word_1_18' title='bbox 1017 785 1281 834; x_wconf 89' lang='lat' dir='ltr'>minuendo</span> <span class='ocrx_word' id='word_1_19' title='bbox 1305 794 1359 835; x_wconf 91' lang='lat' dir='ltr'>ut</span> <span class='ocrx_word' id='word_1_20' title='bbox 1380 787 1684 852; x_wconf 82' lang='lat' dir='ltr'><strong>relinquatur</strong></span> <span class='ocrx_word' id='word_1_21' title='bbox 1706 787 1842 852; x_wconf 90' lang='lat' dir='ltr'>prius</span> <span class='ocrx_word' id='word_1_22' title='bbox 1865 787 2286 836; x_wconf 90' lang='lat' dir='ltr'>substrahendum.</span> 
     </span>
     <span class='ocr_line' id='line_1_4' title="bbox 680 873 2366 940; baseline 0.004 -20"><span class='ocrx_word' id='word_1_23' title='bbox 680 874 751 922; x_wconf 92' lang='lat' dir='ltr'>Ut</span> <span class='ocrx_word' id='word_1_24' title='bbox 773 890 861 938; x_wconf 91' lang='lat' dir='ltr'>pro</span> <span class='ocrx_word' id='word_1_25' title='bbox 885 873 1107 922; x_wconf 83' lang='lat' dir='ltr'>examine</span> <span class='ocrx_word' id='word_1_26' title='bbox 1131 891 1193 922; x_wconf 86' lang='lat' dir='ltr'>an</span> <span class='ocrx_word' id='word_1_27' title='bbox 1216 879 1248 922; x_wconf 99' lang='lat'><strong>3</strong></span> <span class='ocrx_word' id='word_1_28' title='bbox 1272 875 1546 924; x_wconf 90' lang='lat' dir='ltr'>substracta</span> <span class='ocrx_word' id='word_1_29' title='bbox 1575 894 1635 925; x_wconf 90' lang='lat' dir='ltr'>ex</span> <span class='ocrx_word' id='word_1_30' title='bbox 1663 884 1694 926; x_wconf 90' lang='lat'><em>5</em></span> <span class='ocrx_word' id='word_1_31' title='bbox 1726 876 2004 940; x_wconf 86' lang='lat' dir='ltr'>relinquant</span> <span class='ocrx_word' id='word_1_32' title='bbox 2032 882 2078 934; x_wconf 69' lang='lat' dir='ltr'>Q,</span> <span class='ocrx_word' id='word_1_33' title='bbox 2113 877 2366 926; x_wconf 88' lang='lat' dir='ltr'>substrahe</span> 
     </span>
     <span class='ocr_line' id='line_1_5' title="bbox 613 961 1283 1018; baseline 0 -8"><span class='ocrx_word' id='word_1_34' title='bbox 613 968 644 1010; x_wconf 71' lang='lat' dir='ltr'><strong><em>Q</em></strong></span> <span class='ocrx_word' id='word_1_35' title='bbox 669 979 729 1010; x_wconf 92' lang='lat' dir='ltr'>ex</span> <span class='ocrx_word' id='word_1_36' title='bbox 752 969 799 1018; x_wconf 91' lang='lat'>5,</span> <span class='ocrx_word' id='word_1_37' title='bbox 827 969 875 1010; x_wconf 91' lang='lat' dir='ltr'>et</span> <span class='ocrx_word' id='word_1_38' title='bbox 897 961 1215 1010; x_wconf 83' lang='lat' dir='ltr'>restituentur</span> <span class='ocrx_word' id='word_1_39' title='bbox 1237 966 1283 1010; x_wconf 89' lang='lat'>3.</span> 
     </span>
    </p>
   </div>
   <div class='ocr_carea' id='block_1_3' title="bbox 410 1139 2358 1294">
    <p class='ocr_par' dir='ltr' id='par_1_3' title="bbox 410 1139 2358 1294">
     <span class='ocr_line' id='line_1_6' title="bbox 480 1139 2358 1208; baseline 0.002 -19"><span class='ocrx_word' id='word_1_40' title='bbox 480 1140 648 1189; x_wconf 87' lang='lat' dir='ltr'>Habes</span> <span class='ocrx_word' id='word_1_41' title='bbox 668 1140 846 1204; x_wconf 86' lang='lat' dir='ltr'>itaque,</span> <span class='ocrx_word' id='word_1_42' title='bbox 868 1157 928 1188; x_wconf 90' lang='lat' dir='ltr'>ex</span> <span class='ocrx_word' id='word_1_43' title='bbox 946 1139 1107 1196; x_wconf 91' lang='lat' dir='ltr'>totius,</span> <span class='ocrx_word' id='word_1_44' title='bbox 1129 1139 1296 1204; x_wconf 82' lang='lat' dir='ltr'>partiS,</span> <span class='ocrx_word' id='word_1_45' title='bbox 1317 1148 1366 1188; x_wconf 93' lang='lat' dir='ltr'>et</span> <span class='ocrx_word' id='word_1_46' title='bbox 1382 1140 1603 1198; x_wconf 87' lang='lat' dir='ltr'>residuae,</span> <span class='ocrx_word' id='word_1_47' title='bbox 1626 1142 1813 1191; x_wconf 90' lang='lat' dir='ltr'>duabus</span> <span class='ocrx_word' id='word_1_48' title='bbox 1831 1142 2200 1208; x_wconf 85' lang='lat' dir='ltr'>quibuscunque</span> <span class='ocrx_word' id='word_1_49' title='bbox 2218 1145 2358 1201; x_wconf 84' lang='lat' dir='ltr'>datis,</span> 
     </span>
     <span class='ocr_line' id='line_1_7' title="bbox 410 1228 1563 1294; baseline 0.001 -17"><span class='ocrx_word' id='word_1_50' title='bbox 410 1229 617 1287; x_wconf 88' lang='lat' dir='ltr'>tertiam,</span> <span class='ocrx_word' id='word_1_51' title='bbox 642 1246 731 1294; x_wconf 91' lang='lat' dir='ltr'>per</span> <span class='ocrx_word' id='word_1_52' title='bbox 754 1228 1052 1277; x_wconf 85' lang='lat' dir='ltr'>additionem</span> <span class='ocrx_word' id='word_1_53' title='bbox 1075 1237 1123 1277; x_wconf 92' lang='lat' dir='ltr'>et</span> <span class='ocrx_word' id='word_1_54' title='bbox 1147 1229 1563 1278; x_wconf 86' lang='lat' dir='ltr'>substractionem.</span> 
     </span>
    </p>
   </div>
   <div class='ocr_carea' id='block_1_4' title="bbox 1184 1464 1587 1520">
    <p class='ocr_par' dir='ltr' id='par_1_4' title="bbox 1184 1464 1587 1520">
     <span class='ocr_line' id='line_1_8' title="bbox 1184 1464 1587 1520; baseline 0.002 -1"><span class='ocrx_word' id='word_1_55' title='bbox 1184 1464 1462 1520; x_wconf 87' lang='lat' dir='ltr'>CAPUT</span> <span class='ocrx_word' id='word_1_56' title='bbox 1510 1465 1587 1520; x_wconf 93' lang='lat' dir='ltr'>II.</span> 
     </span>
    </p>
   </div>
   <div class='ocr_carea' id='block_1_5' title="bbox 675 1623 2085 1668">
    <p class='ocr_par' dir='ltr' id='par_1_5' title="bbox 675 1623 2085 1668">
     <span class='ocr_line' id='line_1_9' title="bbox 675 1623 2085 1668; baseline 0.002 -6"><span class='ocrx_word' id='word_1_57' title='bbox 675 1624 755 1663; x_wconf 93' lang='lat' dir='ltr'>DE</span> <span class='ocrx_word' id='word_1_58' title='bbox 786 1623 1364 1664; x_wconf 92' lang='lat' dir='ltr'><strong>COMPUTATIONIBUS</strong></span> <span class='ocrx_word' id='word_1_59' title='bbox 1396 1625 1571 1664; x_wconf 89' lang='lat' dir='ltr'>ORTIS</span> <span class='ocrx_word' id='word_1_60' title='bbox 1600 1625 1676 1664; x_wconf 92' lang='lat' dir='ltr'>EX</span> <span class='ocrx_word' id='word_1_61' title='bbox 1705 1626 1846 1666; x_wconf 92' lang='lat' dir='ltr'>IPSIS</span> <span class='ocrx_word' id='word_1_62' title='bbox 1874 1627 2085 1668; x_wconf 89' lang='lat' dir='ltr'>PRIMIS.</span> 
     </span>
    </p>
   </div>
   <div class='ocr_carea' id='block_1_6' title="bbox 404 1762 2361 1917">
    <p class='ocr_par' dir='ltr' id='par_1_6' title="bbox 404 1762 2361 1917">
     <span class='ocr_line' id='line_1_10' title="bbox 476 1762 2361 1831; baseline 0.003 -19"><span class='ocrx_word' id='word_1_63' title='bbox 476 1763 767 1817; x_wconf 83' lang='lat' dir='ltr'>HUCUSQUE</span> <span class='ocrx_word' id='word_1_64' title='bbox 809 1764 869 1812; x_wconf 90' lang='lat' dir='ltr'>de</span> <span class='ocrx_word' id='word_1_65' title='bbox 908 1762 1080 1828; x_wconf 88' lang='lat' dir='ltr'>primis</span> <span class='ocrx_word' id='word_1_66' title='bbox 1124 1764 1564 1828; x_wconf 87' lang='lat' dir='ltr'>computationibus</span> <span class='ocrx_word' id='word_1_67' title='bbox 1602 1765 1827 1830; x_wconf 76' lang='lat' dir='ltr'>egimus3</span> <span class='ocrx_word' id='word_1_68' title='bbox 1877 1776 2145 1831; x_wconf 89' lang='lat' dir='ltr'>sequuntur</span> <span class='ocrx_word' id='word_1_69' title='bbox 2182 1776 2297 1817; x_wconf 86' lang='lat' dir='ltr'>ortae</span> <span class='ocrx_word' id='word_1_70' title='bbox 2335 1771 2361 1817; x_wconf 74' lang='grc' dir='ltr'>ὲ</span> 
     </span>
     <span class='ocr_line' id='line_1_11' title="bbox 404 1870 588 1917; baseline -0.005 -16"><span class='ocrx_word' id='word_1_71' title='bbox 404 1870 588 1917; x_wconf 83' lang='lat' dir='ltr'>pr1m1S.</span> 
     </span>
    </p>
   </div>
   <div class='ocr_carea' id='block_1_7' title="bbox 403 2032 2358 2716">
    <p class='ocr_par' dir='ltr' id='par_1_7' title="bbox 407 2032 2358 2187">
     <span class='ocr_line' id='line_1_12' title="bbox 475 2032 2358 2099; baseline 0.002 -19"><span class='ocrx_word' id='word_1_72' title='bbox 475 2033 613 2081; x_wconf 87' lang='lat' dir='ltr'>Ortae</span> <span class='ocrx_word' id='word_1_73' title='bbox 633 2039 746 2080; x_wconf 89' lang='lat' dir='ltr'>sunt</span> <span class='ocrx_word' id='word_1_74' title='bbox 763 2049 872 2095; x_wconf 85' lang='lat' dir='ltr'>quae</span> <span class='ocrx_word' id='word_1_75' title='bbox 890 2032 1211 2095; x_wconf 84' lang='lat' dir='ltr'>quantitatem</span> <span class='ocrx_word' id='word_1_76' title='bbox 1229 2049 1340 2080; x_wconf 91' lang='lat' dir='ltr'>cum</span> <span class='ocrx_word' id='word_1_77' title='bbox 1358 2033 1629 2096; x_wconf 86' lang='lat' dir='ltr'>quantitate</span> <span class='ocrx_word' id='word_1_78' title='bbox 1646 2034 1827 2099; x_wconf 90' lang='lat' dir='ltr'>pluries</span> <span class='ocrx_word' id='word_1_79' title='bbox 1846 2043 2138 2099; x_wconf 88' lang='lat' dir='ltr'>computant.</span> <span class='ocrx_word' id='word_1_80' title='bbox 2193 2034 2358 2098; x_wconf 89' lang='lat' dir='ltr'>Atque</span> 
     </span>
     <span class='ocr_line' id='line_1_13' title="bbox 407 2119 2205 2187; baseline 0.002 -19"><span class='ocrx_word' id='word_1_81' title='bbox 407 2120 483 2168; x_wconf 87' lang='lat' dir='ltr'>hae</span> <span class='ocrx_word' id='word_1_82' title='bbox 507 2137 567 2168; x_wconf 89' lang='lat' dir='ltr'>ex</span> <span class='ocrx_word' id='word_1_83' title='bbox 591 2119 836 2184; x_wconf 91' lang='lat' dir='ltr'>prioribus</span> <span class='ocrx_word' id='word_1_84' title='bbox 859 2120 1114 2184; x_wconf 89' lang='lat' dir='ltr'>aliquoties</span> <span class='ocrx_word' id='word_1_85' title='bbox 1138 2121 1431 2170; x_wconf 90' lang='lat' dir='ltr'>continuatis</span> <span class='ocrx_word' id='word_1_86' title='bbox 1453 2123 1724 2171; x_wconf 84' lang='lat' dir='ltr'>naturalem</span> <span class='ocrx_word' id='word_1_87' title='bbox 1749 2123 1984 2187; x_wconf 85' lang='lat' dir='ltr'>originem</span> <span class='ocrx_word' id='word_1_88' title='bbox 2007 2124 2205 2171; x_wconf 90' lang='lat' dir='ltr'>ducunt.</span> 
     </span>
    </p>

    <p class='ocr_par' dir='ltr' id='par_1_8' title="bbox 476 2208 2290 2275">
     <span class='ocr_line' id='line_1_14' title="bbox 476 2208 2290 2275; baseline 0.001 -17"><span class='ocrx_word' id='word_1_89' title='bbox 476 2208 614 2258; x_wconf 84' lang='lat' dir='ltr'>Ortae</span> <span class='ocrx_word' id='word_1_90' title='bbox 636 2208 754 2257; x_wconf 89' lang='lat' dir='ltr'>item</span> <span class='ocrx_word' id='word_1_91' title='bbox 776 2209 852 2257; x_wconf 91' lang='lat' dir='ltr'>vel</span> <span class='ocrx_word' id='word_1_92' title='bbox 876 2226 936 2257; x_wconf 91' lang='lat' dir='ltr'>ex</span> <span class='ocrx_word' id='word_1_93' title='bbox 958 2209 1143 2274; x_wconf 88' lang='lat' dir='ltr'>primis,</span> <span class='ocrx_word' id='word_1_94' title='bbox 1170 2211 1247 2258; x_wconf 88' lang='lat' dir='ltr'>vel</span> <span class='ocrx_word' id='word_1_95' title='bbox 1269 2228 1329 2259; x_wconf 89' lang='lat' dir='ltr'>ex</span> <span class='ocrx_word' id='word_1_96' title='bbox 1350 2210 1508 2275; x_wconf 75' lang='lat' dir='ltr'>primo</span> <span class='ocrx_word' id='word_1_97' title='bbox 1531 2211 1648 2260; x_wconf 90' lang='lat' dir='ltr'>ortis</span> <span class='ocrx_word' id='word_1_98' title='bbox 1673 2211 2031 2259; x_wconf 88' lang='lat' dir='ltr'>continuatione</span> <span class='ocrx_word' id='word_1_99' title='bbox 2055 2211 2290 2260; x_wconf 87' lang='lat' dir='ltr'>oriuntur.</span> 
     </span>
    </p>

    <p class='ocr_par' dir='ltr' id='par_1_9' title="bbox 404 2297 2355 2524">
     <span class='ocr_line' id='line_1_15' title="bbox 475 2297 2353 2364; baseline 0.001 -17"><span class='ocrx_word' id='word_1_100' title='bbox 475 2298 613 2347; x_wconf 82' lang='lat' dir='ltr'>Ortae</span> <span class='ocrx_word' id='word_1_101' title='bbox 636 2315 696 2346; x_wconf 90' lang='lat' dir='ltr'>ex</span> <span class='ocrx_word' id='word_1_102' title='bbox 718 2297 887 2361; x_wconf 88' lang='lat' dir='ltr'>primis</span> <span class='ocrx_word' id='word_1_103' title='bbox 916 2306 1040 2355; x_wconf 91' lang='lat' dir='ltr'>sunt,</span> <span class='ocrx_word' id='word_1_104' title='bbox 1073 2316 1181 2362; x_wconf 84' lang='lat' dir='ltr'>quae</span> <span class='ocrx_word' id='word_1_105' title='bbox 1205 2316 1265 2347; x_wconf 92' lang='lat' dir='ltr'>ex</span> <span class='ocrx_word' id='word_1_106' title='bbox 1287 2299 1449 2355; x_wconf 79' lang='lat' dir='ltr'>totius,</span> <span class='ocrx_word' id='word_1_107' title='bbox 1480 2299 1647 2363; x_wconf 87' lang='lat' dir='ltr'>partis,</span> <span class='ocrx_word' id='word_1_108' title='bbox 1674 2307 1722 2348; x_wconf 92' lang='lat' dir='ltr'>et</span> <span class='ocrx_word' id='word_1_109' title='bbox 1744 2307 1933 2363; x_wconf 91' lang='lat' dir='ltr'>partem</span> <span class='ocrx_word' id='word_1_110' title='bbox 1956 2300 2353 2364; x_wconf 85' lang='lat' dir='ltr'>cognominantis.</span> 
     </span>
     <span class='ocr_line' id='line_1_16' title="bbox 405 2386 2355 2452; baseline 0.002 -18"><span class='ocrx_word' id='word_1_111' title='bbox 405 2387 592 2435; x_wconf 89' lang='lat' dir='ltr'>duabus</span> <span class='ocrx_word' id='word_1_112' title='bbox 617 2386 985 2450; x_wconf 89' lang='lat' dir='ltr'>quibuscunque</span> <span class='ocrx_word' id='word_1_113' title='bbox 1010 2387 1136 2435; x_wconf 90' lang='lat' dir='ltr'>datis</span> <span class='ocrx_word' id='word_1_114' title='bbox 1160 2387 1353 2437; x_wconf 89' lang='lat' dir='ltr'>tertiam</span> <span class='ocrx_word' id='word_1_115' title='bbox 1375 2387 1642 2436; x_wconf 88' lang='lat' dir='ltr'>inveniunt.</span> <span class='ocrx_word' id='word_1_116' title='bbox 1719 2387 1966 2452; x_wconf 85' lang='lat' dir='ltr'>Exemplis</span> <span class='ocrx_word' id='word_1_117' title='bbox 1988 2405 2101 2436; x_wconf 90' lang='lat' dir='ltr'>mox</span> <span class='ocrx_word' id='word_1_118' title='bbox 2122 2390 2355 2452; x_wconf 89' lang='lat' dir='ltr'>patebunt</span> 
     </span>
     <span class='ocr_line' id='line_1_17' title="bbox 404 2476 520 2524; baseline 0.017 -2"><span class='ocrx_word' id='word_1_119' title='bbox 404 2476 520 2524; x_wconf 86' lang='lat' dir='ltr'>haec.</span> 
     </span>
    </p>

    <p class='ocr_par' dir='ltr' id='par_1_10' title="bbox 403 2564 2354 2716">
     <span class='ocr_line' id='line_1_18' title="bbox 473 2564 2354 2629; baseline 0.001 -17"><span class='ocrx_word' id='word_1_120' title='bbox 473 2564 612 2613; x_wconf 84' lang='lat' dir='ltr'>Ortae</span> <span class='ocrx_word' id='word_1_121' title='bbox 643 2571 806 2612; x_wconf 92' lang='lat' dir='ltr'>autem</span> <span class='ocrx_word' id='word_1_122' title='bbox 837 2582 897 2612; x_wconf 93' lang='lat' dir='ltr'>ex</span> <span class='ocrx_word' id='word_1_123' title='bbox 926 2564 1098 2629; x_wconf 90' lang='lat' dir='ltr'>primis</span> <span class='ocrx_word' id='word_1_124' title='bbox 1131 2572 1243 2612; x_wconf 91' lang='lat' dir='ltr'>sunt</span> <span class='ocrx_word' id='word_1_125' title='bbox 1273 2564 1613 2629; x_wconf 86' lang='lat' dir='ltr'>multiplicatio</span> <span class='ocrx_word' id='word_1_126' title='bbox 1637 2582 1696 2613; x_wconf 92' lang='lat' dir='ltr'>ex</span> <span class='ocrx_word' id='word_1_127' title='bbox 1719 2565 1998 2613; x_wconf 73' lang='lat' dir='ltr'>continuata</span> <span class='ocrx_word' id='word_1_128' title='bbox 2020 2565 2280 2623; x_wconf 89' lang='lat' dir='ltr'>additione,</span> <span class='ocrx_word' id='word_1_129' title='bbox 2308 2575 2354 2614; x_wconf 90' lang='lat' dir='ltr'>et</span> 
     </span>
     <span class='ocr_line' id='line_1_19' title="bbox 403 2652 1375 2716; baseline 0.002 -16"><span class='ocrx_word' id='word_1_130' title='bbox 403 2652 600 2716; x_wconf 90' lang='lat' dir='ltr'>partitio</span> <span class='ocrx_word' id='word_1_131' title='bbox 623 2670 683 2701; x_wconf 92' lang='lat' dir='ltr'>ex</span> <span class='ocrx_word' id='word_1_132' title='bbox 707 2653 987 2702; x_wconf 75' lang='lat' dir='ltr'>continuata</span> <span class='ocrx_word' id='word_1_133' title='bbox 1010 2653 1375 2702; x_wconf 85' lang='lat' dir='ltr'>substractione.</span> 
     </span>
    </p>
   </div>
   <div class='ocr_carea' id='block_1_8' title="bbox 404 2830 2352 3337">
    <p class='ocr_par' dir='ltr' id='par_1_11' title="bbox 404 2830 2352 2984">
     <span class='ocr_line' id='line_1_20' title="bbox 470 2830 2352 2896; baseline 0.001 -19"><span class='ocrx_word' id='word_1_134' title='bbox 470 2830 558 2877; x_wconf 89' lang='lat' dir='ltr'>Est</span> <span class='ocrx_word' id='word_1_135' title='bbox 582 2846 697 2895; x_wconf 88' lang='lat' dir='ltr'>ergo</span> <span class='ocrx_word' id='word_1_136' title='bbox 721 2847 1146 2888; x_wconf 77' lang='lat' dir='ltr'><strong>MULTIPLICATIO,</strong></span> <span class='ocrx_word' id='word_1_137' title='bbox 1169 2831 1446 2880; x_wconf 88' lang='lat' dir='ltr'>alterutrius</span> <span class='ocrx_word' id='word_1_138' title='bbox 1465 2832 1690 2879; x_wconf 89' lang='lat' dir='ltr'>datarum</span> <span class='ocrx_word' id='word_1_139' title='bbox 1707 2831 1847 2896; x_wconf 75' lang='lat' dir='ltr'>tqties</span> <span class='ocrx_word' id='word_1_140' title='bbox 1867 2830 2147 2879; x_wconf 89' lang='lat' dir='ltr'>continuata</span> <span class='ocrx_word' id='word_1_141' title='bbox 2170 2831 2352 2879; x_wconf 86' lang='lat' dir='ltr'>additio</span> 
     </span>
     <span class='ocr_line' id='line_1_21' title="bbox 404 2917 2215 2984; baseline 0.001 -19"><span class='ocrx_word' id='word_1_142' title='bbox 404 2917 590 2981; x_wconf 89' lang='lat' dir='ltr'>quoties</span> <span class='ocrx_word' id='word_1_143' title='bbox 619 2925 691 2966; x_wconf 88' lang='lat' dir='ltr'>est</span> <span class='ocrx_word' id='word_1_144' title='bbox 712 2918 765 2965; x_wconf 90' lang='lat' dir='ltr'>in</span> <span class='ocrx_word' id='word_1_145' title='bbox 789 2918 939 2967; x_wconf 77' lang='lat' dir='ltr'>altera</span> <span class='ocrx_word' id='word_1_146' title='bbox 961 2919 1120 2967; x_wconf 88' lang='lat' dir='ltr'>unitas</span> <span class='ocrx_word' id='word_1_147' title='bbox 1141 2940 1154 2979; x_wconf 84' lang='lat'><em>3</em></span> <span class='ocrx_word' id='word_1_148' title='bbox 1195 2927 1243 2968; x_wconf 92' lang='lat' dir='ltr'>et</span> <span class='ocrx_word' id='word_1_149' title='bbox 1266 2920 1398 2983; x_wconf 91' lang='lat' dir='ltr'>quod</span> <span class='ocrx_word' id='word_1_150' title='bbox 1418 2919 1703 2984; x_wconf 88' lang='lat' dir='ltr'>producitur</span> <span class='ocrx_word' id='word_1_151' title='bbox 1724 2918 2001 2983; x_wconf 90' lang='lat' dir='ltr'>multiplum</span> <span class='ocrx_word' id='word_1_152' title='bbox 2024 2918 2215 2966; x_wconf 89' lang='lat' dir='ltr'>dicitur.</span> 
     </span>
    </p>

    <p class='ocr_par' dir='ltr' id='par_1_12' title="bbox 601 3006 2350 3337">
     <span class='ocr_line' id='line_1_22' title="bbox 663 3006 2348 3072; baseline 0.001 -18"><span class='ocrx_word' id='word_1_153' title='bbox 663 3006 736 3055; x_wconf 92' lang='lat' dir='ltr'>Ut</span> <span class='ocrx_word' id='word_1_154' title='bbox 752 3006 1075 3071; x_wconf 89' lang='lat' dir='ltr'>multiplicare</span> <span class='ocrx_word' id='word_1_155' title='bbox 1092 3012 1124 3056; x_wconf 88' lang='lat'><strong>3</strong></span> <span class='ocrx_word' id='word_1_156' title='bbox 1142 3025 1230 3072; x_wconf 92' lang='lat' dir='ltr'>per</span> <span class='ocrx_word' id='word_1_157' title='bbox 1246 3014 1278 3056; x_wconf 91' lang='lat'><strong><em>5</em></strong></span> <span class='ocrx_word' id='word_1_158' title='bbox 1297 3015 1369 3056; x_wconf 90' lang='lat' dir='ltr'>est</span> <span class='ocrx_word' id='word_1_159' title='bbox 1387 3008 1665 3062; x_wconf 85' lang='lat' dir='ltr'>alterutrius</span> <span class='ocrx_word' id='word_1_160' title='bbox 1683 3026 1727 3056; x_wconf 86' lang='lat' dir='ltr'>v.</span> <span class='ocrx_word' id='word_1_161' title='bbox 1736 3025 1782 3072; x_wconf 85' lang='lat' dir='ltr'>g.</span> <span class='ocrx_word' id='word_1_162' title='bbox 1803 3007 1951 3055; x_wconf 87' lang='lat' dir='ltr'>trium</span> <span class='ocrx_word' id='word_1_163' title='bbox 1969 3006 2224 3070; x_wconf 89' lang='lat' dir='ltr'>quinquies</span> <span class='ocrx_word' id='word_1_164' title='bbox 2241 3024 2348 3055; x_wconf 92' lang='lat' dir='ltr'>con-</span> 
     </span>
     <span class='ocr_line' id='line_1_23' title="bbox 602 3094 2350 3160; baseline 0.001 -18"><span class='ocrx_word' id='word_1_165' title='bbox 602 3094 793 3143; x_wconf 90' lang='lat' dir='ltr'>tinuata</span> <span class='ocrx_word' id='word_1_166' title='bbox 807 3094 1006 3152; x_wconf 88' lang='lat' dir='ltr'>additio,</span> <span class='ocrx_word' id='word_1_167' title='bbox 1023 3113 1131 3159; x_wconf 87' lang='lat' dir='ltr'>quae</span> <span class='ocrx_word' id='word_1_168' title='bbox 1142 3102 1203 3144; x_wconf 90' lang='lat'>15</span> <span class='ocrx_word' id='word_1_169' title='bbox 1219 3096 1389 3157; x_wconf 81' lang='lat' dir='ltr'>efficit3</span> <span class='ocrx_word' id='word_1_170' title='bbox 1412 3096 1488 3146; x_wconf 87' lang='lat' dir='ltr'>vel</span> <span class='ocrx_word' id='word_1_171' title='bbox 1502 3096 1714 3160; x_wconf 86' lang='lat' dir='ltr'>quinarii</span> <span class='ocrx_word' id='word_1_172' title='bbox 1728 3103 1801 3144; x_wconf 91' lang='lat' dir='ltr'>ter</span> <span class='ocrx_word' id='word_1_173' title='bbox 1816 3094 2012 3151; x_wconf 69' lang='lat' dir='ltr'>additio,</span> <span class='ocrx_word' id='word_1_174' title='bbox 2030 3112 2136 3158; x_wconf 86' lang='lat' dir='ltr'>quae</span> <span class='ocrx_word' id='word_1_175' title='bbox 2151 3095 2350 3144; x_wconf 91' lang='lat' dir='ltr'>totidem</span> 
     </span>
     <span class='ocr_line' id='line_1_24' title="bbox 601 3182 2346 3246; baseline 0 -14"><span class='ocrx_word' id='word_1_176' title='bbox 601 3183 747 3234; x_wconf 89' lang='lat' dir='ltr'>etiam</span> <span class='ocrx_word' id='word_1_177' title='bbox 771 3182 929 3232; x_wconf 90' lang='lat' dir='ltr'>efficit.</span> <span class='ocrx_word' id='word_1_178' title='bbox 1000 3183 1066 3232; x_wconf 93' lang='lat' dir='ltr'>Et</span> <span class='ocrx_word' id='word_1_179' title='bbox 1087 3184 1262 3232; x_wconf 88' lang='lat' dir='ltr'>horum</span> <span class='ocrx_word' id='word_1_180' title='bbox 1285 3189 1316 3233; x_wconf 85' lang='lat'>3</span> <span class='ocrx_word' id='word_1_181' title='bbox 1340 3193 1388 3233; x_wconf 91' lang='lat' dir='ltr'>et</span> <span class='ocrx_word' id='word_1_182' title='bbox 1410 3191 1457 3242; x_wconf 87' lang='grc'>5,</span> <span class='ocrx_word' id='word_1_183' title='bbox 1483 3185 1688 3233; x_wconf 90' lang='lat' dir='ltr'>alterum</span> <span class='ocrx_word' id='word_1_184' title='bbox 1710 3182 2048 3246; x_wconf 84' lang='lat' dir='ltr'>multiplicanS,</span> <span class='ocrx_word' id='word_1_185' title='bbox 2074 3191 2122 3231; x_wconf 91' lang='lat' dir='ltr'>et</span> <span class='ocrx_word' id='word_1_186' title='bbox 2146 3183 2346 3232; x_wconf 86' lang='lat' dir='ltr'>alterum</span> 
     </span>
     <span class='ocr_line' id='line_1_25' title="bbox 601 3270 2080 3337; baseline -0.001 -18"><span class='ocrx_word' id='word_1_187' title='bbox 601 3271 1035 3336; x_wconf 86' lang='lat' dir='ltr'>multiplicandum,</span> <span class='ocrx_word' id='word_1_188' title='bbox 1060 3273 1298 3337; x_wconf 91' lang='lat' dir='ltr'>producta</span> <span class='ocrx_word' id='word_1_189' title='bbox 1318 3274 1431 3321; x_wconf 77' lang='lat' dir='ltr'>vero</span> <span class='ocrx_word' id='word_1_190' title='bbox 1459 3278 1518 3320; x_wconf 91' lang='lat'>15</span> <span class='ocrx_word' id='word_1_191' title='bbox 1541 3272 1818 3336; x_wconf 90' lang='lat' dir='ltr'>multiplum</span> <span class='ocrx_word' id='word_1_192' title='bbox 1841 3270 2080 3319; x_wconf 84' lang='lat' dir='ltr'>dicuntur.</span> 
     </span>
    </p>
   </div>
  </div>
 </body>
</html>
