2878 3900
539 546 588 586 lo
1140 538 1223 581 DE
1255 535 1427 580 ARTE
1458 533 1829 578 LOGISTICA.

606 691 882 738 RAchus
921 686 1160 733 Purra-10
1191 689 1262 728 est
1291 678 1491 727 radicati
1520 692 1605 741 per
1639 676 1849 724 radicem
1886 675 2081 739 partitio
2116 674 2167 722 in
2206 676 2435 725 unitatem
2500 696 2504 699 ⁷

538 793 683 840 usque
704 775 986 827 continuata,
1012 778 1058 818 et
1078 782 1301 816 numerus
1322 764 1631 829 partitionum
1653 770 1724 812 est
1746 763 1891 811 index
1913 762 2153 826 quaesitus.

792 861 858 909 Ut
888 858 1147 906 radicatum
1180 859 1209 901 8
1239 852 1466 916 partitum
1494 868 1579 915 per
1609 851 1818 899 radicem
1848 856 1894 906 Q,
1928 867 2077 913 usque
2104 850 2155 898 in
2186 851 2431 907 unitatem,

724 945 833 995 facit
855 944 1004 1009 prima
1024 939 1277 1006 partitione
1299 945 1346 995 4,
1377 939 1582 987 secunda
1602 938 1860 1003 partitione
1882 943 1928 994 Q,
1954 945 2002 985 et
2025 937 2164 985 tertia
2190 943 2231 985 1.
2292 938 2435 986 Unde

722 1032 965 1086 ternarius,
990 1044 1212 1077 numerus
1235 1025 1414 1075 scilicet
1435 1026 1760 1090 partitionum,
1787 1034 1858 1074 est
1880 1025 2025 1074 index
2047 1024 2288 1088 quaesitus·

595 1207 688 1253 Hic
727 1205 935 1252 indicum
975 1211 1021 1250 et
1060 1202 1273 1250 radicum
1309 1200 1486 1264 species
1523 1208 1646 1257 sunt,
1687 1208 1740 1248 ut
1775 1218 1919 1264 supra
1954 1201 2004 1248 in
2041 1201 2433 1264 multiplicatione

526 1292 729 1341 radicali.

1259 1498 1532 1554 CAPUT
1584 1498 1688 1553 IV.

1052 1668 1130 1707 DE
1159 1668 1441 1707 RADICALI
1468 1666 1896 1706 EXTRACTIONE.

590 1818 796 1863 RAn1c1s
828 1832 1126 1871 Exi-merlo,
1165 1817 1276 1864 dato
1309 1816 1480 1873 indice,
1507 1824 1577 1864 est
1599 1816 1810 1864 inventio
1833 1816 2112 1879 quantitatis
2137 1833 2242 1879 quae
2266 1818 2431 1865 datum

520 1905 777 1952 radicatum
799 1903 996 1952 radicali
1016 1903 1409 1967 multiplicatione
1430 1904 1639 1952 restituit
1659 1925 1673 1963 3
1710 1904 1931 1967 idemque
1954 1904 2153 1952 radicali
2174 1906 2429 1968 partitione

520 1992 713 2046 dividit..

777 2079 843 2127 Ut
866 2078 1065 2127 radicati
1089 2084 1118 2126 8
1142 2079 1184 2126 si
1207 2087 1448 2142 quaeratur
1470 2080 1609 2127 radix
1626 2080 1915 2143 tripartiens,
1935 2097 2004 2136 ea,
2023 2097 2110 2144 per
2131 2082 2320 2144 regulas
2344 2099 2430 2129 suo

711 2167 809 2214 loco
843 2167 1109 2222 tradendas,
1146 2166 1413 2215 invenietur
1442 2183 1542 2215 esse
1566 2173 1597 2215 2
1618 2187 1632 2227 ;
1669 2167 1882 2216 binarius
1905 2167 2032 2215 enim
2055 2168 2255 2216 radicali
2278 2170 2427 2233 tripli-

709 2253 889 2301 catione
920 2254 1126 2302 restituit
1154 2254 1308 2318 primo
1332 2259 1376 2310 Q,
1408 2255 1615 2302 secundo
1638 2261 1684 2311 4«,
1715 2254 1856 2303 tertio
1880 2260 1909 2303 8
1932 2255 2230 2304 radicatum:
2271 2257 2426 2305 Idem-

709 2357 799 2402 que
821 2341 1082 2389 radicatum
1105 2348 1269 2389 contra
1290 2342 1489 2390 radicali
1511 2342 1767 2405 partitione
1789 2342 1945 2406 primo
1967 2343 2018 2390 in
2042 2349 2087 2399 4«,
2109 2343 2282 2392 deinde
2304 2345 2355 2391 in
2380 2351 2424 2400 Q,

713 2426 850 2474 tertio
872 2427 923 2474 in
946 2444 1091 2476 unum
1114 2428 1301 2491 redigit.

588 2600 780 2648 Radicis
802 2602 1026 2649 extractio
1049 2611 1130 2650 aut
1152 2612 1220 2651 est
1242 2605 1449 2667 perfecta
1471 2613 1554 2652 aut
1576 2604 1864 2668 imperfecta.

587 2687 810 2742 Perfecta,
837 2688 919 2736 ubi
939 2689 1080 2737 nullae
1102 2699 1350 2754 supersunt
1372 2691 1600 2754 reliquiae.

780 2775 847 2823 Ut
869 2776 919 2823 in
942 2777 1178 2840 superiore
1200 2780 1426 2843 exemplo.

586 2949 864 3012 Imperfecta
884 2951 1008 3006 vero,
1034 2952 1115 2999 ubi
1138 2952 1305 3014 aliquae
1328 2961 1580 3017 supersunt
1602 2954 1815 3017 reliquiae
1838 2955 2171 3004 irresolubiles.

776 3037 844 3084 Ut
862 3036 901 3084 si
918 3037 1057 3085 radix
1075 3038 1342 3102 tripartiens
1360 3041 1503 3089 fuerit
1520 3042 1814 3090 extrahenda
1829 3060 1887 3091 ex
1904 3043 2119 3092 radicato
2137 3050 2181 3099 9,
2209 3061 2266 3092 ea
2283 3046 2423 3107 quam

710 3124 918 3186 proxime
940 3124 1032 3172 erit
1052 3125 1276 3182 binarius,
1297 3128 1379 3190 qui
1396 3129 1669 3177 radicaliter
1687 3129 1952 3193 triplicatus
1970 3131 2180 3179 restituit
2199 3137 2243 3187 8,
2264 3139 2311 3179 et
2329 3149 2422 3179 non

712 3215 741 3261 9
762 3231 775 3268 ;
814 3211 972 3259 relicta
995 3227 1106 3274 ergo
1129 3212 1307 3262 unitate
1330 3232 1424 3263 non
1448 3220 1670 3273 extracta,
1691 3216 1966 3280 imperfecta
1982 3218 2159 3266 dicitur
2177 3219 2420 3266 extractio.
