2878 3900
512 547 588 587 140
1119 536 1205 579 DE
1238 532 1411 578 ARTE
1444 526 1821 573 LOGISTICA.

581 695 653 736 10.
689 686 740 735 Si
768 683 1049 734 dividendus
1082 696 1177 728 non
1212 677 1355 725 fuerit
1389 676 1574 738 integre
1606 690 1689 721 seu
1721 670 1932 719 totaliter
1964 669 2077 734 (viz.
2111 669 2213 717 sine
2246 670 2436 718 residuo

513 775 718 836 ultimo,)
758 770 1005 821 divisibilis
1050 784 1135 832 per
1178 765 1446 819 divisorem,
1495 771 1608 810 tunc
1654 759 1999 809 subscribendo
2045 758 2302 806 divisorem
2348 759 2436 806 sub

512 864 699 914 residuo
720 862 803 910 fiat
826 858 1005 914 fracti0,
1026 873 1169 921 quam
1193 855 1320 919 apud
1343 851 1635 916 quotientem
1659 849 1850 905 colloca,
1877 856 1961 896 aut
1985 848 2026 896 si
2048 847 2199 896 mavis
2223 848 2313 895 sub
2337 854 2436 895 toto

511 949 763 1000 dividendo
786 945 1027 995 subscribe
1050 943 1318 991 divisorem.

768 1034 836 1083 Ut
892 1033 940 1080 in
998 1031 1239 1095 superiore
1296 1026 1525 1100 exemplo,
1585 1025 1676 1073 erit
1734 1024 1953 1089 quotiens
2011 1041 2150 1072 verus
2212 1022 2435 1086 IQ—7Rf

705 1122 945 1194 4¹9ffi’
977 1127 1058 1167 aut
1090 1119 1130 1166 Si
1162 1118 1310 1166 mmsis
1337 1111 1652 1189 ’ΣῗᾺιῨὲἽ-Βὶωῐ
1697 1114 1847 1177 fitque
1877 1113 1969 1162 hoc
1998 1112 2115 1177 quia
2143 1112 2324 1161 divisor
2355 1111 2436 1160 ille

709 1209 873 1274 nequit
903 1208 1211 1256 dividendum
1239 1206 1438 1269 integre,
1470 1211 1517 1251 et
1545 1202 1647 1250 sine
1674 1201 1866 1251 residuo
1894 1200 2123 1250 dividere.

1226 1515 1499 1571 CAPUT
1542 1513 1711 1568 VIII.

808 1683 884 1721 DE
916 1682 1186 1721 RADICUM
1218 1682 1291 1720 EX
1323 1681 1673 1720 COMPOSITIS
1704 1678 2140 1718 EXTRACTIONE.

583 1841 619 1881 1.
664 1834 713 1881 S1
756 1831 1001 1896 compositi
1042 1831 1180 1879 radix
1219 1831 1457 1894 quadrata
1494 1830 1639 1878 fuerit
1678 1828 1986 1884 extrahenda,
2030 1827 2319 1892 compositus
2358 1827 2439 1875 ille

511 1922 663 1986 primo
694 1928 820 1969 recte
853 1924 961 1985 (per
984 1936 1087 1983 cap.
1114 1918 1144 1967 6
1167 1926 1279 1967 sect.
1304 1919 1360 1979 4)
1384 1918 1674 1977 collocetur;
1718 1917 1907 1974 deinde,
1938 1934 1997 1965 ex
2027 1916 2227 1964 maximi
2257 1917 2438 1964 ordinis

510 2008 720 2073 simplice
752 2008 825 2056 vel
862 2007 1155 2071 simplicibus
1190 2010 1300 2071 (per
1327 2023 1430 2070 cap.
1461 2011 1492 2054 3
1527 2014 1639 2055 sect.
1670 2012 1701 2053 5
1731 2013 1778 2054 et
1800 2005 1875 2067 7,)
1911 2005 2123 2053 radicem
2154 2006 2439 2069 quadratam

509 2095 716 2151 extrahe,
742 2111 885 2158 quam
909 2095 1037 2158 apud
1059 2093 1372 2159 hemicyclum
1394 2110 1482 2158 pro
1506 2092 1749 2156 quotiente
1767 2091 2016 2149 constitue,
2038 2099 2084 2140 et
2101 2091 2186 2139 illa
2202 2091 2439 2156 simplicia

510 2182 703 2231 maximi
741 2181 921 2230 ordinis
961 2181 1079 2238 dele,
1121 2181 1267 2238 nullo,
1311 2181 1353 2228 si
1389 2181 1554 2245 possis,
1598 2180 1764 2228 relicto
1799 2179 2005 2228 residuo.
2077 2180 2311 2236 Secundo,
2354 2197 2441 2245 per

511 2271 652 2318 totius
677 2269 931 2333 quotientis
963 2269 1162 2334 duplum
1190 2268 1350 2316 divide
1381 2268 1585 2332 primam
1616 2276 1801 2332 partem
1833 2267 2083 2332 compositi
2114 2276 2440 2317 remanentem

513 2363 620 2422 (per
642 2375 745 2421 cap.
769 2365 800 2414 7
825 2365 935 2405 sect.
962 2357 1031 2418 9),
1057 2356 1202 2412 nullo,
1234 2356 1274 2403 si
1301 2356 1493 2420 poteris,
1524 2356 1691 2404 relicto
1713 2356 1919 2404 residuo.
1992 2355 2155 2420 Hujus
2190 2355 2439 2404 divisionis

513 2446 798 2509 quotientem
821 2463 995 2493 novum
1018 2452 1123 2509 post
1145 2445 1396 2508 praefatum
1419 2444 1714 2509 quotientem
1737 2446 1907 2502 scribe,
1937 2446 2133 2509 ejusque
2155 2445 2269 2494 novi
2291 2447 2439 2509 quad-

515 2543 671 2583 ratum
690 2551 747 2581 ex
770 2534 895 2581 dicta
916 2542 1050 2597 parte
1075 2534 1326 2598 superstite
1355 2534 1503 2591 aufer,
1534 2534 1711 2582 notatis
1734 2534 1966 2598 reliquiis.
2038 2534 2245 2598 Hocque
2274 2551 2438 2583 secun-

514 2623 625 2669 dum
661 2639 776 2685 opus
812 2622 964 2678 tertio,
1004 2623 1187 2685 quarto,
1227 2622 1492 2687 saepiusque
1528 2630 1704 2687 repete,
1747 2624 1898 2671 donec
1938 2623 2133 2671 tandem
2172 2630 2256 2671 aut
2294 2624 2439 2672 nullae

515 2709 749 2773 supersint
786 2709 1012 2773 reliquiae,
1051 2718 1098 2757 et
1135 2718 1247 2758 tunc
1284 2718 1410 2758 totus
1447 2710 1667 2774 quotiens
1703 2727 1812 2759 cum
1849 2710 2032 2775 copulis
2067 2710 2164 2758 suis
2201 2711 2293 2759 erit
2327 2728 2441 2760 vera

516 2797 649 2845 radix
679 2796 822 2844 insita
846 2797 1057 2860 quaesita‚
1093 2806 1174 2845 aut
1198 2798 1237 2845 si
1261 2797 1432 2861 aliquae
1456 2800 1598 2862 quam
1621 2798 1921 2862 paucissimae
1945 2797 2184 2862 supersint
2206 2798 2436 2863 reliquiae,

518 2894 627 2933 tunc
651 2885 804 2933 dictus
829 2885 1043 2949 quotiens
1066 2886 1205 2934 radix
1226 2885 1443 2949 proxima
1465 2886 1657 2943 dicitur,
1684 2894 1732 2935 et
1754 2904 1850 2934 non
1873 2904 2000 2935 vera.

775 2974 843 3022 Ut
877 2974 937 3021 sit
971 2992 1028 3022 ex
1062 2974 1319 3038 composito
1342 2975 1433 3023 hoc
1461 2974 1896 3038 &sssffi-l-lQ—xs
1900 2975 2436 3038 {576131-1-144—23131

711 3060 1001 3109 extrahenda
1039 3062 1176 3110 radix
1214 3062 1480 3125 quadrata:
1534 3063 1704 3127 primo,
1747 3071 1874 3112 recte
1919 3063 2137 3112 locentur
2181 3063 2434 3128 simplices,

712 3147 799 3195 boc
833 3147 925 3197 situ
944 3167 1025 3196 :—

947 3232 2259 3300 ι42-1-«424Έ-42-ι-α94ῡ-23Κ-«ίςό76Βι-1-144
2276 3257 2289 3296 ;
