2878 3900
1031 472 1122 515 DE
1155 472 1335 516 ARTE
1368 470 1751 516 LOGISTICA.
2314 480 2363 518 21

417 618 611 682 majoris
646 635 733 683 per
760 618 1008 677 minorem,
1047 627 1095 669 et
1122 620 1298 669 fractas
1328 620 1621 685 quantitates
1653 619 1839 667 unitate
1864 618 2087 677 minores,
2125 637 2184 668 ex
2217 623 2362 685 parti-

417 706 545 756 tione
579 706 778 756 minoris
810 725 898 773 per
930 709 1174 774 majorem,
1214 717 1375 758 ortum
1408 726 1549 757 suum
1582 709 1758 757 ducere
1793 707 2011 773 superius
2045 708 2097 757 in
2132 708 2362 758 divisione

417 795 724 845 ostendimus.

683 886 756 935 Ut
784 886 949 936 divisis
981 892 1012 942 9
1041 904 1129 952 per
1158 892 1191 935 Q
1220 887 1554 952 producuntur
1582 887 1663 952 4ὲ,
1703 903 1800 944 seu,
1838 887 1881 935 si
1908 888 2073 944 mavis,
2111 889 2146 953 ᾖ
2176 887 2359 937 unitate

614 975 832 1039 majoreS.
887 975 1014 1024 Item
1031 975 1196 1025 divisis
1213 980 1246 1025 3
1263 993 1350 1040 per
1372 982 1404 1024 5
1429 975 1651 1024 oriuntur
1666 976 1714 1042 ξ,
1736 982 1790 1024 ut
1811 975 1864 1024 in
1887 975 2121 1025 divisione
2140 977 2358 1041 superius

615 1063 923 1112 ostendimus.

480 1240 625 1289 Unde
648 1242 801 1290 omnis
823 1249 1101 1291 numerator
1124 1243 1276 1292 vicem
1299 1245 1424 1308 gerit
1446 1243 1728 1308 quantitatis
1745 1244 2010 1307 partiendae
2031 1264 2044 1304 3
2083 1246 2356 1294 denomina-

413 1335 488 1377 tor
511 1331 637 1387 vero,
664 1331 948 1394 quantitatis
972 1331 1224 1396 partientis
1249 1350 1368 1380 eam.

679 1419 751 1467 Ut
785 1420 1028 1484 superiore
1059 1421 1277 1485 exemplo
1317 1423 1392 1498 {ng
1424 1421 1554 1470 idem
1589 1422 1861 1486 significant
1895 1425 2025 1487 quod
2058 1428 2090 1471 3
2106 1426 2167 1473 ab
2204 1425 2359 1474 divisa

609 1524 696 1572 per
723 1513 755 1556 Q
774 1509 862 1568 bc3
902 1508 971 1557 sic
1006 1511 1065 1585 g—J:
1094 1509 1224 1558 idem
1254 1510 1415 1558 valent
1444 1511 1574 1574 quod
1601 1516 1633 1559 3
1651 1529 1684 1560 a
1712 1511 1868 1560 divisa
1895 1518 2043 1576 perss
2060 1531 2104 1570 a,
2139 1531 2223 1562 seu
2252 1515 2355 1580 bre-

610 1595 730 1653 vius,
763 1601 796 1645 3
824 1597 980 1645 divisa
1000 1614 1088 1661 per
1111 1603 1176 1659 23
1221 1598 1333 1647 sive
1355 1600 1551 1648 tandem
1586 1599 1717 1648 idem
1746 1600 1872 1649 valet
1907 1602 2036 1664 quod
2070 1609 2167 1650 tres
2197 1610 2356 1667 partes

612 1686 810 1734 unitatis
834 1685 999 1735 divisae
1022 1686 1074 1734 in
1097 1687 1217 1735 duas
1237 1707 1251 1748 ;
1290 1688 1359 1735 sic
1381 1689 1413 1754 ᾗ
1438 1696 1550 1737 sunt
1580 1696 1677 1738 tres
1708 1697 1894 1753 quartae
1921 1690 2134 1747 unitatiS,
2162 1692 2237 1740 vel
2260 1699 2355 1740 tres

606 1775 798 1840 partitae
820 1792 908 1840 per
931 1775 1151 1839 quatuor,
1178 1777 1309 1840 quod
1331 1776 1460 1825 idem
1483 1784 1569 1826 est.

476 1954 644 2017 Atque
667 1953 821 2002 omnis
846 1954 1103 2018 quantitas,
1128 1962 1484 2004 numeratorem
1513 1963 1561 2004 et
1590 1956 2001 2005 denominatorem
2030 1957 2226 2014 habens,
2265 1975 2352 2022 pro

409 2043 562 2091 fracta
582 2042 801 2100 habetur,
828 2050 877 2091 et
899 2050 953 2091 ut
975 2043 1146 2092 fractio
1169 2052 1487 2108 computatur.

477 2131 611 2179 Hinc
643 2132 906 2195 prudenter
942 2131 1177 2181 unitatem
1209 2150 1298 2196 pro
1332 2133 1692 2182 denominatore
1725 2134 1926 2199 integris
1962 2135 2256 2199 subjicimus,
2299 2144 2353 2184 ut

408 2220 609 2284 integrae
632 2237 742 2268 cum
764 2219 943 2277 fractiS,
971 2220 1110 2285 quasi
1132 2221 1310 2278 fractae,
1338 2228 1687 2287 computentur.

472 2309 684 2358 Facilius
714 2316 875 2358 autem
905 2317 1244 2374 computantur
1274 2311 1452 2368 fractae,
1493 2311 1535 2359 si
1563 2328 1729 2360 earum
1759 2312 1953 2360 termini
1987 2313 2347 2370 contrahantur,

405 2406 453 2447 et
475 2398 828 2455 abbrevientur‚
853 2398 1137 2463 priusquam
1158 2399 1286 2447 inter
1309 2401 1606 2464 operandum
1628 2400 1937 2449 accreverint.

473 2487 850 2545 Abbreviantur,
869 2494 1044 2545 autem,
1057 2494 1104 2536 et
1119 2488 1483 2547 contrahuntur,
1501 2489 1754 2554 partiendo
1778 2489 2006 2538 terminos
2031 2498 2241 2539 accretos
2264 2508 2350 2555 per

405 2594 544 2626 suum
565 2576 831 2626 maximum
853 2594 1154 2626 communem
1177 2576 1447 2626 divisorem.

471 2666 561 2714 Est
590 2673 753 2714 autem
780 2665 1018 2715 maximus
1049 2665 1314 2715 communis
1345 2666 1538 2724 divisor,
1579 2683 1675 2731 quo
1703 2669 1857 2732 major
1887 2668 1994 2716 dari
2015 2676 2222 2732 nequeat
2243 2686 2346 2733 per-

403 2754 524 2802 fecte
547 2753 766 2803 dividens
789 2761 1047 2819 utrumque
1070 2754 1345 2804 terminum.

824 2836 852 2861 0

472 2930 573 2978 Hic
602 2930 822 2989 habetur,
851 2931 1107 2995 partiendo
1134 2932 1393 2980 terminum
1425 2934 1656 2998 majorem
1691 2951 1778 2998 per
1811 2934 2058 2989 minorem,
2096 2933 2266 2997 primo,
2298 2940 2345 2981 et

403 3018 577 3067 deinde
613 3035 800 3084 semper
833 3019 1088 3084 partiendo
1123 3021 1474 3084 praecedentem
1509 3021 1791 3086 partitorem
1826 3038 1912 3087 per
1948 3039 2057 3070 suas
2096 3021 2339 3085 reliquias,

401 3107 552 3155 donec
586 3108 781 3155 tandem
812 3107 938 3155 nihil
972 3108 1286 3169 remanserit3
1324 3115 1371 3157 et
1399 3109 1595 3159 ultimus
1625 3110 1707 3160 ille
1737 3110 1916 3159 divisor
1939 3109 2134 3174 (spretis
2157 3110 2341 3175 quotis)

400 3203 470 3243 est
492 3195 730 3245 maximus
754 3196 1019 3246 communis
1041 3196 1246 3261 partitor
1268 3197 1509 3262 quaesitus.
