<?xml version="1.0" encoding="UTF-8"?>
<!DOCTYPE html PUBLIC "-//W3C//DTD XHTML 1.0 Transitional//EN"
    "http://www.w3.org/TR/xhtml1/DTD/xhtml1-transitional.dtd">
<html xmlns="http://www.w3.org/1999/xhtml" xml:lang="en" lang="en">
 <head>
  <title>
</title>
<meta http-equiv="Content-Type" content="text/html;charset=utf-8" />
  <meta name='ocr-system' content='tesseract 3.04.00' />
  <meta name='ocr-capabilities' content='ocr_page ocr_carea ocr_par ocr_line ocrx_word'/>
</head>
<body>
  <div class='ocr_page' id='page_1' title='image "./deartelogistic6200napiuoft_0158.png"; bbox 0 0 2878 3900; ppageno 0'>
   <div class='ocr_carea' id='block_1_1' title="bbox 499 550 1818 602">
    <p class='ocr_par' dir='ltr' id='par_1_1' title="bbox 499 550 1818 602">
     <span class='ocr_line' id='line_1_1' title="bbox 499 550 1818 602; baseline -0.007 0"><span class='ocrx_word' id='word_1_1' title='bbox 499 560 552 602; x_wconf 80' lang='lat'><strong>36</strong></span> <span class='ocrx_word' id='word_1_2' title='bbox 1112 557 1199 599; x_wconf 89' lang='lat' dir='ltr'><strong>DE</strong></span> <span class='ocrx_word' id='word_1_3' title='bbox 1233 554 1407 599; x_wconf 74' lang='lat' dir='ltr'><strong>ARTE</strong></span> <span class='ocrx_word' id='word_1_4' title='bbox 1441 550 1818 595; x_wconf 83' lang='lat' dir='ltr'><strong>LOGISTICA.</strong></span> 
     </span>
    </p>
   </div>
   <div class='ocr_carea' id='block_1_2' title="bbox 704 695 2428 791">
    <p class='ocr_par' dir='ltr' id='par_1_2' title="bbox 704 695 2428 791">
     <span class='ocr_line' id='line_1_2' title="bbox 704 695 2428 791; baseline -0.017 -32"><span class='ocrx_word' id='word_1_5' title='bbox 704 702 1092 791; x_wconf 67' lang='lat' dir='ltr'><strong>865091372Q</strong></span> <span class='ocrx_word' id='word_1_6' title='bbox 1171 697 1440 765; x_wconf 84' lang='lat' dir='ltr'><strong>plicationis</strong></span> <span class='ocrx_word' id='word_1_7' title='bbox 1484 695 1719 760; x_wconf 87' lang='lat' dir='ltr'><strong>multiplo.</strong></span> <span class='ocrx_word' id='word_1_8' title='bbox 1808 695 1914 745; x_wconf 83' lang='lat' dir='ltr'><strong>Nec</strong></span> <span class='ocrx_word' id='word_1_9' title='bbox 1958 711 2094 745; x_wconf 73' lang='lat' dir='ltr'><strong>secus</strong></span> <span class='ocrx_word' id='word_1_10' title='bbox 2139 695 2325 745; x_wconf 68' lang='lat' dir='ltr'><strong>eveniet</strong></span> <span class='ocrx_word' id='word_1_11' title='bbox 2371 712 2428 743; x_wconf 68' lang='lat' dir='ltr'><strong>ex</strong></span> 
     </span>
    </p>
   </div>
   <div class='ocr_carea' id='block_1_3' title="bbox 706 786 950 796">
    <p class='ocr_par' dir='ltr' id='par_1_3' title="bbox 706 786 950 796">
     <span class='ocr_line' id='line_1_3' title="bbox 706 786 950 796; baseline 0 3104"><span class='ocrx_word' id='word_1_12' title='bbox 706 786 950 796; x_wconf 95' lang='lat' dir='ltr'><strong> </strong></span> 
     </span>
    </p>
   </div>
   <div class='ocr_carea' id='block_1_4' title="bbox 698 782 2430 1078">
    <p class='ocr_par' dir='ltr' id='par_1_4' title="bbox 698 782 2430 1078">
     <span class='ocr_line' id='line_1_4' title="bbox 702 782 2429 849; baseline -0.009 -2"><span class='ocrx_word' id='word_1_13' title='bbox 702 805 962 848; x_wconf 80' lang='lat'><strong><em>7785822348</em></strong></span> <span class='ocrx_word' id='word_1_14' title='bbox 1172 787 1378 836; x_wconf 87' lang='lat' dir='ltr'><strong>secundo</strong></span> <span class='ocrx_word' id='word_1_15' title='bbox 1400 785 1512 842; x_wconf 88' lang='lat' dir='ltr'><strong>situ,</strong></span> <span class='ocrx_word' id='word_1_16' title='bbox 1543 783 1832 849; x_wconf 90' lang='lat' dir='ltr'><strong>incipiendo,</strong></span> <span class='ocrx_word' id='word_1_17' title='bbox 1865 782 2110 841; x_wconf 86' lang='lat' dir='ltr'><strong>nimirum,</strong></span> <span class='ocrx_word' id='word_1_18' title='bbox 2142 783 2429 848; x_wconf 77' lang='lat' dir='ltr'><strong>multipr</strong></span> 
     </span>
     <span class='ocr_line' id='line_1_5' title="bbox 734 858 2430 951; baseline -0.004 -23"><span class='ocrx_word' id='word_1_19' title='bbox 734 858 1012 951; x_wconf 52' lang='grc' dir='ltr'><strong>1ΊὸἜέξῖἓῆ</strong></span> <span class='ocrx_word' id='word_1_20' title='bbox 1174 876 1348 924; x_wconf 84' lang='lat' dir='ltr'><strong>tionem</strong></span> <span class='ocrx_word' id='word_1_21' title='bbox 1385 892 1471 940; x_wconf 89' lang='lat' dir='ltr'><strong>per</strong></span> <span class='ocrx_word' id='word_1_22' title='bbox 1507 873 1791 923; x_wconf 88' lang='lat' dir='ltr'><strong>sinistimam</strong></span> <span class='ocrx_word' id='word_1_23' title='bbox 1827 874 2033 938; x_wconf 86' lang='lat' dir='ltr'><strong>figuram</strong></span> <span class='ocrx_word' id='word_1_24' title='bbox 2062 872 2430 938; x_wconf 87' lang='lat' dir='ltr'><strong>multiplicantis</strong></span> 
     </span>
     <span class='ocr_line' id='line_1_6' title="bbox 699 958 2429 1026; baseline -0.005 -9"><span class='ocrx_word' id='word_1_25' title='bbox 699 958 1086 1023; x_wconf 62' lang='lat' dir='ltr'>Q</span> <span class='ocrx_word' id='word_1_26' title='bbox 1169 970 1215 1022; x_wconf 88' lang='lat'><strong>9,</strong></span> <span class='ocrx_word' id='word_1_27' title='bbox 1265 972 1318 1013; x_wconf 92' lang='lat' dir='ltr'><strong>ut</strong></span> <span class='ocrx_word' id='word_1_28' title='bbox 1356 981 1416 1013; x_wconf 86' lang='lat' dir='ltr'><strong>ex</strong></span> <span class='ocrx_word' id='word_1_29' title='bbox 1451 964 1660 1012; x_wconf 86' lang='lat' dir='ltr'><strong>secundo</strong></span> <span class='ocrx_word' id='word_1_30' title='bbox 1699 962 1939 1012; x_wconf 85' lang='lat' dir='ltr'><strong>schemate</strong></span> <span class='ocrx_word' id='word_1_31' title='bbox 1977 967 2124 1026; x_wconf 87' lang='lat' dir='ltr'><strong>patet.</strong></span> <span class='ocrx_word' id='word_1_32' title='bbox 2196 960 2429 1010; x_wconf 79' lang='lat' dir='ltr'><strong>Similiter</strong></span> 
     </span>
     <span class='ocr_line' id='line_1_7' title="bbox 698 1032 1062 1078; baseline -0.016 -2"><span class='ocrx_word' id='word_1_33' title='bbox 698 1032 1062 1078; x_wconf 79' lang='grc'><strong>79679240818060</strong></span> 
     </span>
    </p>
   </div>
   <div class='ocr_carea' id='block_1_5' title="bbox 689 1051 2426 1283">
    <p class='ocr_par' dir='ltr' id='par_1_5' title="bbox 689 1051 2426 1283">
     <span class='ocr_line' id='line_1_8' title="bbox 1169 1051 1660 1102; baseline -0.004 -1"><span class='ocrx_word' id='word_1_34' title='bbox 1169 1053 1312 1102; x_wconf 88' lang='lat' dir='ltr'><strong>etiam</strong></span> <span class='ocrx_word' id='word_1_35' title='bbox 1336 1052 1387 1100; x_wconf 92' lang='lat' dir='ltr'><strong>in</strong></span> <span class='ocrx_word' id='word_1_36' title='bbox 1411 1051 1660 1101; x_wconf 81' lang='lat' dir='ltr'>similibus.</span> 
     </span>
     <span class='ocr_line' id='line_1_9' title="bbox 757 1138 2426 1210; baseline -0.005 -16"><span class='ocrx_word' id='word_1_37' title='bbox 757 1146 916 1210; x_wconf 88' lang='lat' dir='ltr'><strong>Hujus</strong></span> <span class='ocrx_word' id='word_1_38' title='bbox 950 1160 1148 1193; x_wconf 82' lang='lat' dir='ltr'><strong>examen</strong></span> <span class='ocrx_word' id='word_1_39' title='bbox 1182 1142 1328 1191; x_wconf 85' lang='lat' dir='ltr'><strong>habes</strong></span> <span class='ocrx_word' id='word_1_40' title='bbox 1363 1141 1413 1189; x_wconf 91' lang='lat' dir='ltr'><strong>in</strong></span> <span class='ocrx_word' id='word_1_41' title='bbox 1448 1139 1706 1205; x_wconf 86' lang='lat' dir='ltr'>partitione</span> <span class='ocrx_word' id='word_1_42' title='bbox 1740 1146 1981 1203; x_wconf 85' lang='lat' dir='ltr'><strong>sequente,</strong></span> <span class='ocrx_word' id='word_1_43' title='bbox 2015 1146 2068 1186; x_wconf 91' lang='lat' dir='ltr'><strong>ut</strong></span> <span class='ocrx_word' id='word_1_44' title='bbox 2098 1147 2145 1187; x_wconf 90' lang='lat' dir='ltr'><strong>et</strong></span> <span class='ocrx_word' id='word_1_45' title='bbox 2175 1138 2305 1186; x_wconf 89' lang='lat' dir='ltr'><strong>illius</strong></span> <span class='ocrx_word' id='word_1_46' title='bbox 2335 1138 2426 1187; x_wconf 90' lang='lat' dir='ltr'><strong>hoc</strong></span> 
     </span>
     <span class='ocr_line' id='line_1_10' title="bbox 689 1242 1006 1283; baseline -0.006 0"><span class='ocrx_word' id='word_1_47' title='bbox 689 1242 759 1283; x_wconf 85' lang='lat' dir='ltr'><strong>est</strong></span> <span class='ocrx_word' id='word_1_48' title='bbox 794 1250 1006 1282; x_wconf 83' lang='lat' dir='ltr'><strong>examen.</strong></span> 
     </span>
    </p>
   </div>
   <div class='ocr_carea' id='block_1_6' title="bbox 490 1406 2424 1917">
    <p class='ocr_par' dir='ltr' id='par_1_6' title="bbox 490 1406 2424 1653">
     <span class='ocr_line' id='line_1_11' title="bbox 559 1406 2424 1477; baseline -0.004 -16"><span class='ocrx_word' id='word_1_49' title='bbox 559 1411 900 1477; x_wconf 88' lang='lat' dir='ltr'><strong>Multiplicatio</strong></span> <span class='ocrx_word' id='word_1_50' title='bbox 923 1410 1084 1466; x_wconf 83' lang='lat' dir='ltr'><strong>trium,</strong></span> <span class='ocrx_word' id='word_1_51' title='bbox 1110 1418 1193 1458; x_wconf 89' lang='lat' dir='ltr'><strong>aut</strong></span> <span class='ocrx_word' id='word_1_52' title='bbox 1215 1409 1424 1474; x_wconf 83' lang='lat' dir='ltr'><strong>plurium</strong></span> <span class='ocrx_word' id='word_1_53' title='bbox 1448 1425 1767 1464; x_wconf 89' lang='lat' dir='ltr'><strong>numerorum,</strong></span> <span class='ocrx_word' id='word_1_54' title='bbox 1788 1406 2035 1472; x_wconf 87' lang='lat' dir='ltr'><strong>perficitur</strong></span> <span class='ocrx_word' id='word_1_55' title='bbox 2058 1406 2424 1471; x_wconf 87' lang='lat' dir='ltr'><strong>multiplicando</strong></span> 
     </span>
     <span class='ocr_line' id='line_1_12' title="bbox 490 1495 2421 1565; baseline -0.004 -15"><span class='ocrx_word' id='word_1_56' title='bbox 490 1502 695 1565; x_wconf 85' lang='lat' dir='ltr'><strong>primum</strong></span> <span class='ocrx_word' id='word_1_57' title='bbox 719 1501 769 1548; x_wconf 90' lang='lat' dir='ltr'><strong>in</strong></span> <span class='ocrx_word' id='word_1_58' title='bbox 793 1500 1068 1556; x_wconf 87' lang='lat' dir='ltr'><strong>secundum,</strong></span> <span class='ocrx_word' id='word_1_59' title='bbox 1103 1507 1149 1547; x_wconf 87' lang='lat' dir='ltr'><strong>ct</strong></span> <span class='ocrx_word' id='word_1_60' title='bbox 1172 1498 1344 1546; x_wconf 91' lang='lat' dir='ltr'><strong>horum</strong></span> <span class='ocrx_word' id='word_1_61' title='bbox 1366 1497 1639 1562; x_wconf 90' lang='lat' dir='ltr'><strong>multiplum</strong></span> <span class='ocrx_word' id='word_1_62' title='bbox 1664 1497 1714 1545; x_wconf 93' lang='lat' dir='ltr'><strong>in</strong></span> <span class='ocrx_word' id='word_1_63' title='bbox 1739 1496 1948 1552; x_wconf 84' lang='lat' dir='ltr'><strong>tertium,</strong></span> <span class='ocrx_word' id='word_1_64' title='bbox 1984 1503 2030 1544; x_wconf 87' lang='lat' dir='ltr'><strong>ct</strong></span> <span class='ocrx_word' id='word_1_65' title='bbox 2059 1495 2231 1544; x_wconf 90' lang='lat' dir='ltr'><strong>horum</strong></span> <span class='ocrx_word' id='word_1_66' title='bbox 2254 1513 2421 1545; x_wconf 81' lang='lat' dir='ltr'><strong>rursus</strong></span> 
     </span>
     <span class='ocr_line' id='line_1_13' title="bbox 491 1586 1625 1653; baseline -0.003 -16"><span class='ocrx_word' id='word_1_67' title='bbox 491 1589 760 1653; x_wconf 82' lang='lat' dir='ltr'><strong>multiplum</strong></span> <span class='ocrx_word' id='word_1_68' title='bbox 783 1589 833 1636; x_wconf 91' lang='lat' dir='ltr'><strong>in</strong></span> <span class='ocrx_word' id='word_1_69' title='bbox 857 1596 1079 1652; x_wconf 91' lang='lat' dir='ltr'><strong>quartum</strong></span> <span class='ocrx_word' id='word_1_70' title='bbox 1101 1608 1114 1647; x_wconf 91' lang='lat'>;</span> <span class='ocrx_word' id='word_1_71' title='bbox 1153 1595 1200 1635; x_wconf 93' lang='lat' dir='ltr'><strong>et</strong></span> <span class='ocrx_word' id='word_1_72' title='bbox 1223 1586 1292 1635; x_wconf 88' lang='lat' dir='ltr'><strong>ita</strong></span> <span class='ocrx_word' id='word_1_73' title='bbox 1314 1586 1363 1634; x_wconf 92' lang='lat' dir='ltr'><strong>in</strong></span> <span class='ocrx_word' id='word_1_74' title='bbox 1388 1586 1625 1634; x_wconf 91' lang='lat' dir='ltr'><strong>ultimum.</strong></span> 
     </span>
    </p>

    <p class='ocr_par' dir='ltr' id='par_1_7' title="bbox 685 1674 2420 1917">
     <span class='ocr_line' id='line_1_14' title="bbox 754 1674 2419 1740; baseline -0.002 -15"><span class='ocrx_word' id='word_1_75' title='bbox 754 1677 823 1726; x_wconf 94' lang='lat' dir='ltr'><strong>Ut</strong></span> <span class='ocrx_word' id='word_1_76' title='bbox 849 1676 945 1724; x_wconf 88' lang='lat' dir='ltr'><strong>sint</strong></span> <span class='ocrx_word' id='word_1_77' title='bbox 975 1675 1338 1740; x_wconf 89' lang='lat' dir='ltr'><strong>multiplicanda</strong></span> <span class='ocrx_word' id='word_1_78' title='bbox 1364 1675 1568 1723; x_wconf 86' lang='lat' dir='ltr'><strong>invicem</strong></span> <span class='ocrx_word' id='word_1_79' title='bbox 1590 1682 1638 1732; x_wconf 88' lang='lat'><strong>5,</strong></span> <span class='ocrx_word' id='word_1_80' title='bbox 1663 1681 1710 1731; x_wconf 84' lang='lat'><strong>4,</strong></span> <span class='ocrx_word' id='word_1_81' title='bbox 1736 1680 1782 1731; x_wconf 69' lang='lat'><strong>2,</strong></span> <span class='ocrx_word' id='word_1_82' title='bbox 1808 1683 1856 1723; x_wconf 86' lang='lat' dir='ltr'><strong>et</strong></span> <span class='ocrx_word' id='word_1_83' title='bbox 1878 1679 1910 1723; x_wconf 85' lang='lat'>3</span> <span class='ocrx_word' id='word_1_84' title='bbox 1931 1695 1944 1735; x_wconf 80' lang='lat'><em>3</em></span> <span class='ocrx_word' id='word_1_85' title='bbox 1983 1675 2079 1723; x_wconf 87' lang='lat' dir='ltr'><strong>duc</strong></span> <span class='ocrx_word' id='word_1_86' title='bbox 2100 1681 2131 1722; x_wconf 89' lang='lat'><strong><em>5</em></strong></span> <span class='ocrx_word' id='word_1_87' title='bbox 2156 1674 2207 1722; x_wconf 90' lang='lat' dir='ltr'><strong>in</strong></span> <span class='ocrx_word' id='word_1_88' title='bbox 2231 1681 2277 1730; x_wconf 79' lang='lat'><strong>4,</strong></span> <span class='ocrx_word' id='word_1_89' title='bbox 2305 1676 2419 1723; x_wconf 88' lang='lat' dir='ltr'><strong>fient</strong></span> 
     </span>
     <span class='ocr_line' id='line_1_15' title="bbox 685 1763 2420 1824; baseline -0.001 -10"><span class='ocrx_word' id='word_1_90' title='bbox 685 1772 782 1824; x_wconf 74' lang='lat'><strong>203</strong></span> <span class='ocrx_word' id='word_1_91' title='bbox 819 1766 1040 1821; x_wconf 72' lang='lat' dir='ltr'><strong>secundo,</strong></span> <span class='ocrx_word' id='word_1_92' title='bbox 1078 1765 1171 1812; x_wconf 91' lang='lat' dir='ltr'><strong>duc</strong></span> <span class='ocrx_word' id='word_1_93' title='bbox 1210 1770 1274 1812; x_wconf 67' lang='grc' dir='ltr'><strong>ΩΟ</strong></span> <span class='ocrx_word' id='word_1_94' title='bbox 1307 1763 1357 1811; x_wconf 91' lang='lat' dir='ltr'><strong>in</strong></span> <span class='ocrx_word' id='word_1_95' title='bbox 1393 1769 1438 1820; x_wconf 69' lang='grc'><strong>2,</strong></span> <span class='ocrx_word' id='word_1_96' title='bbox 1475 1765 1589 1812; x_wconf 87' lang='lat' dir='ltr'><strong>fient</strong></span> <span class='ocrx_word' id='word_1_97' title='bbox 1624 1770 1723 1823; x_wconf 79' lang='lat'><strong>403</strong></span> <span class='ocrx_word' id='word_1_98' title='bbox 1768 1763 1923 1821; x_wconf 75' lang='lat' dir='ltr'><strong>tertio,</strong></span> <span class='ocrx_word' id='word_1_99' title='bbox 1950 1764 2044 1811; x_wconf 90' lang='lat' dir='ltr'><strong>duc</strong></span> <span class='ocrx_word' id='word_1_100' title='bbox 2067 1769 2133 1812; x_wconf 80' lang='lat'><strong>40</strong></span> <span class='ocrx_word' id='word_1_101' title='bbox 2156 1763 2206 1811; x_wconf 91' lang='lat' dir='ltr'><strong>in</strong></span> <span class='ocrx_word' id='word_1_102' title='bbox 2230 1768 2275 1820; x_wconf 88' lang='lat'><strong>3,</strong></span> <span class='ocrx_word' id='word_1_103' title='bbox 2304 1765 2420 1813; x_wconf 87' lang='lat' dir='ltr'><strong>fient</strong></span> 
     </span>
     <span class='ocr_line' id='line_1_16' title="bbox 688 1852 1339 1917; baseline -0.003 -15"><span class='ocrx_word' id='word_1_104' title='bbox 688 1859 794 1910; x_wconf 73' lang='lat'><strong>120,</strong></span> <span class='ocrx_word' id='word_1_105' title='bbox 821 1853 1032 1901; x_wconf 91' lang='lat' dir='ltr'><strong>omnium</strong></span> <span class='ocrx_word' id='word_1_106' title='bbox 1054 1852 1339 1917; x_wconf 89' lang='lat' dir='ltr'><strong>multiplum.</strong></span> 
     </span>
    </p>
   </div>
   <div class='ocr_carea' id='block_1_7' title="bbox 1232 2134 1662 2189">
    <p class='ocr_par' dir='ltr' id='par_1_8' title="bbox 1232 2134 1662 2189">
     <span class='ocr_line' id='line_1_17' title="bbox 1232 2134 1662 2189; baseline -0.005 0"><span class='ocrx_word' id='word_1_107' title='bbox 1232 2134 1507 2189; x_wconf 88' lang='lat' dir='ltr'><strong>CAPUT</strong></span> <span class='ocrx_word' id='word_1_108' title='bbox 1558 2134 1662 2188; x_wconf 90' lang='lat' dir='ltr'><strong>IV.</strong></span> 
     </span>
    </p>
   </div>
   <div class='ocr_carea' id='block_1_8' title="bbox 990 2313 1898 2355">
    <p class='ocr_par' dir='ltr' id='par_1_9' title="bbox 990 2313 1898 2355">
     <span class='ocr_line' id='line_1_18' title="bbox 990 2313 1898 2355; baseline 0.002 -4"><span class='ocrx_word' id='word_1_109' title='bbox 990 2313 1066 2352; x_wconf 91' lang='lat' dir='ltr'><strong>DE</strong></span> <span class='ocrx_word' id='word_1_110' title='bbox 1096 2314 1459 2353; x_wconf 88' lang='lat' dir='ltr'>PARTITIONE</span> <span class='ocrx_word' id='word_1_111' title='bbox 1491 2315 1898 2355; x_wconf 87' lang='lat' dir='ltr'><strong>INTEGRORUM.</strong></span> 
     </span>
    </p>
   </div>
   <div class='ocr_carea' id='block_1_9' title="bbox 476 2472 2413 3081">
    <p class='ocr_par' dir='ltr' id='par_1_10' title="bbox 479 2472 2413 2711">
     <span class='ocr_line' id='line_1_19' title="bbox 560 2472 2413 2544; baseline 0.005 -25"><span class='ocrx_word' id='word_1_112' title='bbox 560 2472 802 2521; x_wconf 66' lang='lat' dir='ltr'><strong>Purrrno</strong></span> <span class='ocrx_word' id='word_1_113' title='bbox 841 2473 1036 2521; x_wconf 90' lang='lat' dir='ltr'><strong>minoris</strong></span> <span class='ocrx_word' id='word_1_114' title='bbox 1077 2491 1163 2538; x_wconf 91' lang='lat' dir='ltr'><strong>per</strong></span> <span class='ocrx_word' id='word_1_115' title='bbox 1203 2477 1431 2540; x_wconf 89' lang='lat' dir='ltr'><strong>majorem</strong></span> <span class='ocrx_word' id='word_1_116' title='bbox 1470 2494 1567 2525; x_wconf 92' lang='lat' dir='ltr'><strong>non</strong></span> <span class='ocrx_word' id='word_1_117' title='bbox 1608 2477 1663 2526; x_wconf 94' lang='lat' dir='ltr'><strong>fit</strong></span> <span class='ocrx_word' id='word_1_118' title='bbox 1700 2477 1840 2526; x_wconf 88' lang='lat' dir='ltr'><strong>aliter</strong></span> <span class='ocrx_word' id='word_1_119' title='bbox 1878 2495 2024 2542; x_wconf 87' lang='lat' dir='ltr'><strong>quam</strong></span> <span class='ocrx_word' id='word_1_120' title='bbox 2063 2478 2413 2544; x_wconf 87' lang='lat' dir='ltr'><strong>interponendo</strong></span> 
     </span>
     <span class='ocr_line' id='line_1_20' title="bbox 479 2560 2411 2636; baseline 0.006 -29"><span class='ocrx_word' id='word_1_121' title='bbox 479 2560 665 2616; x_wconf 86' lang='lat' dir='ltr'><strong>lineam,</strong></span> <span class='ocrx_word' id='word_1_122' title='bbox 701 2560 826 2608; x_wconf 88' lang='lat' dir='ltr'><strong>inter</strong></span> <span class='ocrx_word' id='word_1_123' title='bbox 856 2562 1202 2625; x_wconf 83' lang='lat' dir='ltr'><strong>superpositum</strong></span> <span class='ocrx_word' id='word_1_124' title='bbox 1237 2563 1540 2627; x_wconf 89' lang='lat' dir='ltr'><strong>partiendum</strong></span> <span class='ocrx_word' id='word_1_125' title='bbox 1576 2573 1625 2613; x_wconf 89' lang='lat' dir='ltr'><strong>et</strong></span> <span class='ocrx_word' id='word_1_126' title='bbox 1659 2564 1996 2630; x_wconf 81' lang='lat' dir='ltr'><strong>infrapositum</strong></span> <span class='ocrx_word' id='word_1_127' title='bbox 2030 2567 2333 2636; x_wconf 69' lang='lat' dir='ltr'><strong>partitorem,</strong></span> <span class='ocrx_word' id='word_1_128' title='bbox 2363 2579 2411 2619; x_wconf 89' lang='lat' dir='ltr'><strong>et</strong></span> 
     </span>
     <span class='ocr_line' id='line_1_21' title="bbox 479 2647 1601 2711; baseline 0.007 -17"><span class='ocrx_word' id='word_1_129' title='bbox 479 2655 605 2695; x_wconf 83' lang='lat' dir='ltr'><strong>totus</strong></span> <span class='ocrx_word' id='word_1_130' title='bbox 628 2647 708 2696; x_wconf 90' lang='lat' dir='ltr'><strong>hic</strong></span> <span class='ocrx_word' id='word_1_131' title='bbox 730 2655 902 2711; x_wconf 89' lang='lat' dir='ltr'><strong>quotus</strong></span> <span class='ocrx_word' id='word_1_132' title='bbox 924 2649 1093 2698; x_wconf 85' lang='lat' dir='ltr'><strong>fractio</strong></span> <span class='ocrx_word' id='word_1_133' title='bbox 1115 2659 1199 2707; x_wconf 88' lang='lat' dir='ltr'><strong>est,</strong></span> <span class='ocrx_word' id='word_1_134' title='bbox 1226 2651 1409 2701; x_wconf 89' lang='lat' dir='ltr'><strong>unitate</strong></span> <span class='ocrx_word' id='word_1_135' title='bbox 1430 2653 1601 2703; x_wconf 87' lang='lat' dir='ltr'><strong>minor.</strong></span> 
     </span>
    </p>

    <p class='ocr_par' dir='ltr' id='par_1_11' title="bbox 675 2736 2407 2898">
     <span class='ocr_line' id='line_1_22' title="bbox 743 2736 2407 2811; baseline 0.008 -28"><span class='ocrx_word' id='word_1_136' title='bbox 743 2736 813 2785; x_wconf 92' lang='lat' dir='ltr'><strong>Ut</strong></span> <span class='ocrx_word' id='word_1_137' title='bbox 846 2737 940 2785; x_wconf 88' lang='lat' dir='ltr'><strong>sint</strong></span> <span class='ocrx_word' id='word_1_138' title='bbox 973 2742 1005 2785; x_wconf 89' lang='grc'><strong>3</strong></span> <span class='ocrx_word' id='word_1_139' title='bbox 1038 2738 1291 2802; x_wconf 87' lang='lat' dir='ltr'><strong>partienda</strong></span> <span class='ocrx_word' id='word_1_140' title='bbox 1322 2759 1408 2805; x_wconf 87' lang='lat' dir='ltr'><strong>per</strong></span> <span class='ocrx_word' id='word_1_141' title='bbox 1437 2749 1483 2799; x_wconf 89' lang='lat'><strong>5,</strong></span> <span class='ocrx_word' id='word_1_142' title='bbox 1521 2743 1583 2791; x_wconf 89' lang='lat' dir='ltr'><strong>sit</strong></span> <span class='ocrx_word' id='word_1_143' title='bbox 1610 2751 1784 2807; x_wconf 87' lang='lat' dir='ltr'><strong>quotus</strong></span> <span class='ocrx_word' id='word_1_144' title='bbox 1806 2746 1853 2811; x_wconf 54' lang='grc' dir='ltr'><strong>ᾖ,</strong></span> <span class='ocrx_word' id='word_1_145' title='bbox 1880 2761 1990 2809; x_wconf 84' lang='lat' dir='ltr'><strong>quae</strong></span> <span class='ocrx_word' id='word_1_146' title='bbox 2012 2747 2407 2810; x_wconf 83' lang='lat' dir='ltr'><strong>pronunciantur,</strong></span> 
     </span>
     <span class='ocr_line' id='line_1_23' title="bbox 675 2826 2381 2898; baseline 0.009 -26"><span class='ocrx_word' id='word_1_147' title='bbox 675 2833 768 2873; x_wconf 86' lang='lat' dir='ltr'><strong>tres</strong></span> <span class='ocrx_word' id='word_1_148' title='bbox 792 2826 970 2889; x_wconf 82' lang='lat' dir='ltr'><strong>quintae</strong></span> <span class='ocrx_word' id='word_1_149' title='bbox 993 2827 1203 2885; x_wconf 84' lang='lat' dir='ltr'><strong>unitatis,</strong></span> <span class='ocrx_word' id='word_1_150' title='bbox 1229 2830 1317 2886; x_wconf 84' lang='lat' dir='ltr'><strong>vel,</strong></span> <span class='ocrx_word' id='word_1_151' title='bbox 1346 2831 1439 2879; x_wconf 85' lang='lat' dir='ltr'><strong>tria</strong></span> <span class='ocrx_word' id='word_1_152' title='bbox 1461 2831 1615 2881; x_wconf 88' lang='lat' dir='ltr'><strong>divisa</strong></span> <span class='ocrx_word' id='word_1_153' title='bbox 1635 2850 1722 2897; x_wconf 88' lang='lat' dir='ltr'><strong>per</strong></span> <span class='ocrx_word' id='word_1_154' title='bbox 1745 2833 1959 2898; x_wconf 91' lang='lat' dir='ltr'><strong>quinque</strong></span> <span class='ocrx_word' id='word_1_155' title='bbox 1979 2855 1993 2894; x_wconf 93' lang='lat'>;</span> <span class='ocrx_word' id='word_1_156' title='bbox 2030 2842 2080 2884; x_wconf 87' lang='lat' dir='ltr'><strong>et</strong></span> <span class='ocrx_word' id='word_1_157' title='bbox 2101 2836 2274 2886; x_wconf 84' lang='lat' dir='ltr'><strong>fractio</strong></span> <span class='ocrx_word' id='word_1_158' title='bbox 2295 2846 2381 2887; x_wconf 87' lang='lat' dir='ltr'><strong>est.</strong></span> 
     </span>
    </p>

    <p class='ocr_par' dir='ltr' id='par_1_12' title="bbox 476 2912 2405 3081">
     <span class='ocr_line' id='line_1_24' title="bbox 542 2912 2405 2987; baseline 0.01 -28"><span class='ocrx_word' id='word_1_159' title='bbox 542 2912 684 2961; x_wconf 86' lang='lat' dir='ltr'><strong>Unde</strong></span> <span class='ocrx_word' id='word_1_160' title='bbox 707 2912 820 2962; x_wconf 90' lang='lat' dir='ltr'><strong>hinc</strong></span> <span class='ocrx_word' id='word_1_161' title='bbox 842 2922 998 2962; x_wconf 87' lang='lat' dir='ltr'><strong>ortum</strong></span> <span class='ocrx_word' id='word_1_162' title='bbox 1022 2915 1199 2965; x_wconf 88' lang='lat' dir='ltr'><strong>habent</strong></span> <span class='ocrx_word' id='word_1_163' title='bbox 1220 2919 1407 2967; x_wconf 90' lang='lat' dir='ltr'><strong>numeri</strong></span> <span class='ocrx_word' id='word_1_164' title='bbox 1429 2920 1582 2978; x_wconf 85' lang='lat' dir='ltr'><strong>fracti,</strong></span> <span class='ocrx_word' id='word_1_165' title='bbox 1620 2929 1674 2969; x_wconf 88' lang='lat' dir='ltr'><strong>ut</strong></span> <span class='ocrx_word' id='word_1_166' title='bbox 1702 2923 1762 2971; x_wconf 88' lang='lat' dir='ltr'><strong>de</strong></span> <span class='ocrx_word' id='word_1_167' title='bbox 1793 2923 2143 2987; x_wconf 83' lang='lat' dir='ltr'><strong>quantitatibus</strong></span> <span class='ocrx_word' id='word_1_168' title='bbox 2166 2926 2331 2976; x_wconf 83' lang='lat' dir='ltr'><strong>fractis</strong></span> <span class='ocrx_word' id='word_1_169' title='bbox 2354 2927 2405 2977; x_wconf 91' lang='lat' dir='ltr'><strong>in</strong></span> 
     </span>
     <span class='ocr_line' id='line_1_25' title="bbox 476 3003 2384 3081; baseline 0.009 -34"><span class='ocrx_word' id='word_1_170' title='bbox 476 3016 659 3062; x_wconf 83' lang='lat' dir='ltr'><strong>genere,</strong></span> <span class='ocrx_word' id='word_1_171' title='bbox 685 3018 787 3065; x_wconf 86' lang='lat' dir='ltr'><strong>cap.</strong></span> <span class='ocrx_word' id='word_1_172' title='bbox 810 3010 857 3059; x_wconf 94' lang='lat'><strong>7,</strong></span> <span class='ocrx_word' id='word_1_173' title='bbox 884 3003 1145 3052; x_wconf 87' lang='lat' dir='ltr'><strong>docuimus.</strong></span> <span class='ocrx_word' id='word_1_174' title='bbox 1216 3006 1294 3054; x_wconf 90' lang='lat' dir='ltr'><strong>Dc</strong></span> <span class='ocrx_word' id='word_1_175' title='bbox 1316 3006 1391 3055; x_wconf 88' lang='lat' dir='ltr'><strong>his</strong></span> <span class='ocrx_word' id='word_1_176' title='bbox 1415 3010 1640 3059; x_wconf 84' lang='lat' dir='ltr'><strong>tractabit</strong></span> <span class='ocrx_word' id='word_1_177' title='bbox 1663 3012 1874 3060; x_wconf 86' lang='lat' dir='ltr'><strong>secunda</strong></span> <span class='ocrx_word' id='word_1_178' title='bbox 1897 3011 2235 3064; x_wconf 87' lang='lat' dir='ltr'><strong>Arithmeticae</strong></span> <span class='ocrx_word' id='word_1_179' title='bbox 2256 3031 2384 3081; x_wconf 87' lang='lat' dir='ltr'><strong>pars.</strong></span> 
     </span>
    </p>
   </div>
   <div class='ocr_carea' id='block_1_10' title="bbox 474 3175 2404 3330">
    <p class='ocr_par' dir='ltr' id='par_1_13' title="bbox 474 3175 2404 3330">
     <span class='ocr_line' id='line_1_26' title="bbox 544 3175 2404 3252; baseline 0.011 -29"><span class='ocrx_word' id='word_1_180' title='bbox 544 3175 849 3226; x_wconf 87' lang='lat' dir='ltr'><strong>Partitionem</strong></span> <span class='ocrx_word' id='word_1_181' title='bbox 874 3179 1071 3243; x_wconf 80' lang='lat' dir='ltr'><strong>aequalis</strong></span> <span class='ocrx_word' id='word_1_182' title='bbox 1094 3196 1181 3244; x_wconf 89' lang='lat' dir='ltr'><strong>per</strong></span> <span class='ocrx_word' id='word_1_183' title='bbox 1204 3183 1449 3246; x_wconf 83' lang='lat' dir='ltr'><strong>aequalem,</strong></span> <span class='ocrx_word' id='word_1_184' title='bbox 1470 3185 1521 3233; x_wconf 92' lang='lat' dir='ltr'><strong>in</strong></span> <span class='ocrx_word' id='word_1_185' title='bbox 1544 3188 1763 3237; x_wconf 88' lang='lat' dir='ltr'><strong>omnibus</strong></span> <span class='ocrx_word' id='word_1_186' title='bbox 1781 3190 2144 3252; x_wconf 84' lang='lat' dir='ltr'><strong>quantitatibus,</strong></span> <span class='ocrx_word' id='word_1_187' title='bbox 2172 3193 2404 3242; x_wconf 83' lang='lat' dir='ltr'><strong>unitatem</strong></span> 
     </span>
     <span class='ocr_line' id='line_1_27' title="bbox 474 3262 1217 3330; baseline 0.012 -21"><span class='ocrx_word' id='word_1_188' title='bbox 474 3262 734 3325; x_wconf 83' lang='lat' dir='ltr'><strong>producere</strong></span> <span class='ocrx_word' id='word_1_189' title='bbox 756 3266 972 3330; x_wconf 85' lang='lat' dir='ltr'><strong>superius</strong></span> <span class='ocrx_word' id='word_1_190' title='bbox 995 3267 1217 3318; x_wconf 79' lang='lat' dir='ltr'><strong>diximus.</strong></span> 
     </span>
    </p>
   </div>
  </div>
 </body>
</html>
