2878 3900
1017 500 1106 542 DE
1141 499 1316 542 ARTE
1350 498 1732 542 LOGISTICA.
2289 504 2341 542 55

594 648 774 712 figuras
802 652 909 704 152,
942 648 1068 696 facta
1090 647 1360 711 conjectura
1383 662 1442 694 ex
1463 645 1620 710 prima
1642 643 1960 709 supplementi
1981 651 2132 708 parte,
2161 644 2341 692 scilicet

594 753 653 783 ex
668 740 700 784 2
707 737 810 800 jam
824 735 1031 784 inventis
1047 736 1181 798 (quae
1196 739 1262 782 20
1276 741 1387 782 sunt
1400 734 1454 781 in
1467 734 1703 796 hocloco)
1718 731 1929 797 duplatis
1945 738 1993 780 et
2009 731 2337 795 multiplicatis

597 841 684 887 per
712 823 1065 880 inveniendam,
1098 823 1151 872 id
1179 830 1264 879 est,
1296 828 1363 870 40
1390 822 1722 887 multiplicatis
1751 838 1840 885 per
1870 821 2216 869 succedentem.
2290 821 2339 869 Si

631 1024 681 1058 20

656 1076 680 1110 2

628 1139 680 1174 40

658 1192 682 1228 3

596 1243 693 1291 ᾗ.
750 1251 866 1289 Prior

601 1319 691 1356 pars
728 1303 871 1356 prioris

604 1357 870 1408 supplementi.

608 1422 694 1461 129.
733 1419 877 1457 Totum

602 1472 769 1523 primum
788 1485 876 1522 sup-

600 1524 848 1575 plementum.

737 1736 816 1779 123

709 1788 870 1849 2223}

738 1929 765 1974 4

738 1982 817 2029 129

633 2167 710 2202 230

687 2219 710 2253 2

600 2271 714 2318 ’4-66

686 2335 708 2371 5

607 2399 724 2434 2300.
765 2396 880 2434 Prior

606 2462 696 2500 pars
715 2449 880 2500 posteri·
904 2476 907 2479 »

606 2501 685 2539 oris
727 2502 881 2553 supple-

604 2553 736 2592 menti.

607 2619 725 2655 2325.
756 2618 900 2654 Totum

604 2669 796 2720 posterius
811 2683 899 2720 sup-

607 2722 855 2772 plementum.

794 2896 902 2990 123⁰

795 2996 928 3058 Q

797 3060 927 3109 2‘3'5'

950 1139 973 1173 3

951 1191 975 1226 3

946 1255 983 1294 9.
1044 1252 1244 1290 Posterior

977 1318 1066 1355 pars
1101 1304 1243 1356 prioris

979 1357 1246 1408 supplementi.

980 2283 1003 2318 5

979 2336 1002 2371 5

962 2399 1026 2435 25.
1048 2396 1247 2434 Posterior

961 2462 1050 2500 pars
1081 2449 1244 2500 posteri-

963 2501 1041 2539 oris
1093 2502 1243 2554 supple-

964 2554 1096 2592 menti.

1330 918 1491 959 autem
1529 908 1864 974 quaternarius
1904 909 2026 957 foret
2065 910 2337 965 succedens,

1330 1001 1464 1065 prior
1486 1000 1804 1065 supplementi
1825 1016 1937 1064 pars
1960 999 2082 1047 foret
2103 998 2211 1055 160,
2236 1016 2343 1062 quae

1333 1089 1570 1137 excedunt
1592 1094 1716 1148 1523
1753 1089 1930 1152 rejecto
1953 1105 2067 1152 ergo
2090 1095 2341 1151 quaterna-

1334 1177 1421 1234 rio,
1443 1177 1664 1242 eligimus
1682 1177 1945 1226 ternarium
1967 1176 2019 1224 in
2042 1176 2130 1224 hac
2147 1177 2344 1241 periodo

1336 1265 1690 1326 collocandum3
1712 1267 1848 1330 cujus
1863 1265 2245 1330 supplementum
2259 1267 2343 1314 du-

1335 1354 1622 1419 plicationis,
1662 1372 1722 1403 ex
1747 1354 1908 1418 priore
1937 1355 2113 1411 tabula,
2153 1363 2224 1403 est
2251 1361 2344 1409 129

1336 1442 1545 1506 (scilicet
1567 1450 1641 1491 ter
1658 1448 1738 1499 40,
1759 1450 1807 1491 et
1824 1450 1899 1491 ter
1915 1445 1972 1506 3)
1991 1464 2004 1503 3
2042 1460 2136 1506 quo
2160 1444 2344 1508 supple-

1334 1538 1497 1580 mento
1533 1548 1593 1579 ex
1630 1536 1724 1579 152
1755 1532 1929 1587 oblato,
1970 1539 2222 1596 supersunt
2256 1532 2346 1580 hoc

1335 1620 1440 1668 loco
1457 1620 1674 1684 reliquiae
1689 1625 1768 1677 23,
1790 1637 1874 1668 seu
1888 1620 1952 1668 ad
1965 1621 2184 1668 dextram
2198 1638 2347 1684 usque

1336 1713 1483 1766 2325,
1501 1716 1549 1757 et
1562 1726 1674 1774 pars
1688 1710 1962 1774 praecedens
1979 1708 2154 1757 radicis
2162 1710 2263 1773 jam
2279 1717 2349 1757 est

1337 1802 1415 1854 23,
1459 1797 1536 1846 vel
1568 1802 1667 1846 230
1686 1818 1700 1858 ;
1748 1798 1924 1847 iterum
1955 1814 2069 1862 ergo
2105 1806 2349 1862 repetatur

1337 1887 1549 1934 secunda
1570 1886 1797 1951 operatio,
1825 1887 1888 1934 ad
1909 1886 2245 1935 inveniendam
2267 1904 2348 1938 no-

1337 1992 1447 2023 vam
1490 1976 1825 2024 succedentem
1863 1977 2082 2041 figuram,
2125 1976 2348 2024 dextimae

1337 2064 1525 2128 periodi
1555 2065 1659 2113 loco
1690 2065 1995 2128 ponendam3
2040 2064 2183 2128 hujus
2213 2081 2348 2111 novae

1337 2153 1636 2201 succedentis
1671 2153 2068 2217 supplementum,
2106 2152 2347 2216 quodcun-

1337 2259 1431 2305 que
1455 2241 1518 2289 sit
1539 2241 1770 2298 futurum,
1805 2247 1990 2289 constat
2013 2242 2122 2305 (per
2143 2240 2348 2304 primam

1340 2330 1578 2391 tabulam)
1623 2329 1998 2393 praecedentium
2043 2333 2142 2377 230
2186 2330 2344 2393 duplo,

1339 2418 1521 2466 scilicet
1543 2417 1657 2474 460,
1683 2417 2001 2482 multiplicato
2023 2417 2075 2464 in
2098 2419 2348 2466 succeden-

1339 2514 1448 2564 tem,
1471 2514 1519 2555 et
1542 2506 1840 2555 succedentis
1864 2505 2109 2569 duplicato
2129 2526 2142 2566 3
2181 2513 2230 2554 at
2253 2506 2294 2554 si
2318 2507 2348 2554 6

1340 2595 1734 2659 multiplicaveris
1743 2611 1829 2659 per
1835 2593 1948 2650 460,
1954 2594 2190 2642 excedunt
2198 2598 2326 2643 2325
2330 2615 2344 2655 ;

1341 2683 1531 2748 rejectis
1545 2700 1660 2748 ergo
1675 2683 1719 2740 6,
1737 2678 2039 2751 computetur
2054 2683 2348 2747 supplemen-

1341 2779 1446 2820 tum
1466 2816 1468 2818 ,
1491 2771 1704 2836 quinarii
1723 2792 1737 2831 3
1793 2771 1992 2834 eritque,
2049 2788 2108 2819 ex
2157 2771 2344 2827 tabulis,

1341 2866 1486 2918 2325,
1509 2860 1715 2923 (scilicet
1738 2859 1992 2923 quinquies
2016 2859 2128 2915 460,
2149 2866 2196 2907 et
2213 2859 2348 2922 quin-

1341 2949 1479 3013 quies
1518 2951 1576 3013 5)
1617 2949 1791 3013 quibus
1837 2947 2007 2996 ablatis
2053 2964 2112 2995 ex
2151 2947 2349 2995 totidem

1342 3038 1670 3102 suprapositis,
1702 3037 1826 3085 nihil
1853 3042 2099 3100 superest3
2141 3042 2188 3084 et
2210 3036 2349 3084 radix

1341 3127 1608 3191 bipartiens
1632 3131 1743 3183 235,
1765 3127 1867 3190 jam
1889 3124 2032 3188 plena
2053 3131 2101 3172 et
2122 3124 2346 3188 perfecta„

1340 3215 1535 3264 emersit
1559 3214 1708 3264 oblati
1729 3213 1918 3262 numeri
1940 3217 2117 3262 55225.
