2878 3900
540 545 595 584 m

1149 534 1237 578 DE
1271 531 1444 576 ARTE
1478 529 1856 574 LOGISTICA.

546 684 726 750 figuris,
770 683 810 731 si
848 699 954 747 quae
994 680 1101 736 sint,
1141 678 1299 727 animo
1335 674 1591 724 reconditis
1611 692 1624 723 ι
1680 674 1745 722 Et
1777 673 1881 721 haec
1915 673 2129 737 operatio
2162 673 2213 721 in
2248 672 2463 721 ultimam

546 772 758 822 omnium
779 771 979 835 figuram
1002 765 1258 831 repetenda
1277 772 1361 812 est.

611 858 845 914 Tertium,
865 864 919 905 ut
936 854 1088 904 ultimi
1106 853 1197 901 loci
1213 852 1392 916 figurae,
1410 867 1519 899 cum
1536 850 1789 899 novissime
1807 849 1967 898 animo
1983 849 2256 906 reconditis,
2275 848 2341 912 (si
2359 866 2467 913 quae

545 949 663 1011 sint)
685 946 733 994 in
758 960 899 993 unam
922 958 1151 991 summam
1174 940 1396 996 collectae,
1422 939 1527 988 loca
1548 938 1785 987 sinistima
1806 938 2088 1001 compleant.

804 1032 871 1081 Ut
893 1031 1111 1095 quintum
1134 1036 1277 1094 caput
1300 1028 1543 1078 Geneseos
1566 1027 1760 1076 exhibet
1782 1043 1931 1075 annos
1961 1028 1989 1073 a
2019 1024 2258 1074 creatione
2285 1025 2468 1073 Adami

735 1128 782 1169 et
814 1118 981 1167 mundi
1015 1123 1109 1167 180
1136 1118 1199 1166 ad
1229 1117 1412 1176 Sheth;
1463 1117 1576 1165 hinc
1609 1122 1700 1165 105
1733 1116 1796 1164 ad
1826 1115 2032 1171 Enosch,
2066 1114 2180 1162 hinc
2203 1114 2267 1162 ad
2294 1114 2467 1162 Kenan

777 1258 848 1295 130

776 1310 846 1347 105

797 1364 848 1403 90

795 1415 848 1454 70

797 1465 846 1504 65

776 1517 848 1556 162

926 1212 1005 1263 90,
1038 1205 1151 1255 hinc
1174 1207 1235 1254 ad
1260 1205 1596 1254 Mehalalelem
1618 1211 1697 1261 70,
1730 1204 1792 1252 ad
1814 1203 1961 1254 Jered
1984 1203 2046 1251 65
2072 1219 2236 1258 annOS,
2266 1202 2381 1250 hinc
2405 1203 2468 1250 ad

930 1293 1133 1342 Henoch
1160 1292 1267 1350 162,
1301 1293 1413 1341 inde
1444 1293 1507 1341 ad
1539 1291 1875 1341 Methuselach
1907 1291 1985 1348 65,
2021 1292 2083 1339 ad
2115 1290 2327 1339 Lamech
2358 1295 2464 1348 187,

926 1382 1039 1430 hinc
1062 1382 1125 1430 ad
1145 1390 1312 1430 natum
1333 1381 1478 1431 Noah
1507 1386 1614 1437 182,
1642 1382 1668 1428 εὶ
1689 1388 1804 1429 nato
1826 1380 1970 1429 Noah
1995 1381 2057 1428 ad
2080 1379 2273 1428 initium
2297 1378 2468 1428 diluvii

929 1471 1039 1519 600.
1109 1470 1370 1527 Quaeritur‚
1401 1469 1477 1517 his
1499 1470 1599 1533 jam
1624 1469 1816 1526 additis,
1843 1486 2029 1517 summa
2051 1485 2285 1516 annorum
2309 1470 2337 1515 a
2360 1484 2467 1515 con-

798 1569 847 1609 65
928 1559 1029 1607 dito
1051 1559 1165 1606 orbe
1188 1559 1250 1606 ad
1272 1557 1541 1606 diluvium?
1613 1557 1748 1605 Anni
1778 1574 1892 1621 ergo
1921 1574 2082 1605 omnes
2110 1564 2241 1605 recto
2270 1557 2379 1614 situ,
2415 1566 2469 1605 ut

777 1623 850 1711 {g}
929 1649 956 1694 a
977 1647 1204 1711 margine,
1225 1645 1575 1693 constituantur
1592 1665 1605 1703 ;
1642 1644 1768 1701 inde,
1788 1644 1958 1708 primo,
1981 1645 2203 1693 dextimae
2222 1662 2305 1693 seu
2323 1645 2468 1709 primi

748 1726 851 1789 Q
930 1734 1021 1782 loci
1043 1734 1207 1797 figurae
1229 1740 1275 1788 5,
1296 1740 1342 1788 5,
1363 1738 1408 1788 2,
1429 1739 1476 1788 5,
1495 1740 1542 1790 7,
1569 1738 1614 1789 2,
1641 1733 1894 1789 addantur,
1920 1740 1967 1780 et
1990 1734 2105 1781 fient
2130 1734 2194 1781 26
2215 1755 2227 1793 ;
2267 1734 2468 1782 subscri-

752 1800 850 1839 1656
930 1823 1103 1870 bantur
1121 1821 1152 1869 6
1169 1821 1361 1876 directe,
1387 1825 1418 1868 2
1435 1827 1594 1868 autem
1617 1820 1667 1867 in
1690 1828 1847 1868 mente
1871 1829 2171 1869 reserventur
2190 1842 2203 1881 ;
2242 1824 2464 1878 secundo,

740 1909 842 1958 haec
864 1915 895 1958 2
919 1926 1015 1958 una
1036 1926 1144 1957 cum
1168 1908 1362 1957 secundi
1385 1908 1477 1956 loci
1499 1908 1665 1972 figuris
1694 1913 1740 1965 3,
1774 1914 1820 1965 9,
1850 1915 1897 1966 7,
1931 1909 1977 1966 6,
2012 1909 2057 1966 6,
2092 1910 2137 1967 6,
2172 1915 2216 1967 8,
2245 1915 2289 1967 8,
2325 1912 2463 1967 adde,

706 2047 719 2060 .
737 1997 851 2046 fient
886 2004 965 2054 55,
997 2014 1200 2061 quorum
1235 1997 1442 2061 priorem
1474 2004 1637 2044 notam
1672 2003 1703 2044 5
1745 1996 1912 2053 scribe,
1956 1998 2267 2061 posteriorem
2308 2007 2467 2048 mente

737 2102 955 2144 reserva3
999 2086 1154 2141 tertio,
1194 2085 1320 2133 hunc
1353 2092 1643 2133 reservatum
1678 2085 1967 2148 quinarium,
2000 2103 2098 2135 una
2126 2105 2236 2135 cum
2270 2094 2310 2145 1,
2349 2094 2390 2145 1,
2423 2095 2463 2145 1,

741 2179 780 2228 1,
818 2179 858 2228 l,
893 2172 937 2228 6,
971 2172 1126 2220 ultimi
1155 2172 1247 2220 loci
1274 2172 1453 2236 figuriS‚
1492 2173 1629 2229 adde,
1667 2173 1784 2221 fient
1819 2172 1892 2230 16,
1933 2190 2041 2237 quae
2075 2174 2191 2223 locis
2219 2175 2467 2225 sinistimis

737 2268 986 2322 ponantur,
1019 2260 1165 2323 fitque
1196 2267 1295 2307 tota
1324 2276 1509 2307 summa
1539 2259 1679 2308 1656.

611 2432 824 2489 Additio‚
867 2441 1037 2489 tamen,
1078 2433 1267 2497 proprie
1314 2442 1384 2485 est
1428 2434 1632 2483 duorum
1670 2452 1993 2493 numerorum,
2041 2446 2093 2486 ut
2139 2438 2307 2486 tertius
2352 2438 2465 2487 inde

546 2520 844 2582 producatur.

1098 2609 1166 2658 Ut
1205 2610 1299 2657 sint
1338 2611 1546 2660 addendi
1585 2612 1816 2670 9754862
1852 2620 1995 2678 atque
2031 2614 2260 2674 863556;
2304 2616 2371 2673 hi,
2407 2634 2465 2665 ex

773 2690 954 2781 9623582}
1033 2697 1350 2759 superioribus
1385 2700 1647 2763 praeceptis,
1686 2702 1958 2765 producunt
1993 2710 2145 2751 totum
2189 2703 2460 2762 10618418‚

750 2799 954 2855 10618418
1032 2782 1126 2831 situ
1160 2801 1254 2847 quo
1287 2786 1314 2831 a
1345 2786 1572 2851 margine.
1645 2788 1808 2852 Hujus
1843 2806 2042 2839 examen
2080 2791 2228 2840 habes
2265 2791 2315 2839 in
2356 2795 2462 2842 sub-

1034 2871 1285 2920 stractione
1309 2882 1545 2936 sequente.

612 3043 668 3090 In
703 3044 1044 3094 substractione
1077 3055 1148 3095 est
1182 3047 1312 3103 situS,
1349 3058 1397 3096 et
1430 3051 1653 3114 operatio.

609 3129 749 3187 Situs,
799 3140 851 3180 ut
888 3132 939 3180 in
978 3134 1235 3191 additione,
1283 3137 1311 3182 ἰι
1351 3137 1529 3185 dextris
1569 3138 1770 3204 incipit;
1825 3143 2163 3192 substrahendi
2210 3154 2370 3194 autem
2415 3156 2463 3195 et

547 3217 787 3267 minuendi
822 3220 976 3269 minor
1013 3221 1176 3270 infimo
1220 3222 1335 3280 loco,
1380 3226 1530 3288 major
1569 3227 1724 3276 medio
1767 3228 1883 3287 loco,
1930 3238 1978 3279 et
2017 3232 2236 3281 residuus
2277 3250 2462 3282 summo
