2878 3900
1015 541 1104 584 DE
1138 542 1316 585 ARTE
1349 542 1728 587 LOGISTICA.
2291 548 2341 591 17

1159 749 1435 819 CAPUT
1480 765 1586 820 VI.

569 906 647 945 DE
677 907 1172 954 QUANTITATIBUS
1203 911 1680 953 ABUNDANTIBUS
1709 912 1785 951 ET
1815 909 2178 951 DEFECTIVIS.

466 1034 750 1084 HACTENUS
774 1036 1152 1101 computationes
1176 1039 1502 1102 quantitatum
1530 1040 1583 1089 in
1613 1057 1788 1106 genere
1809 1060 1822 1100 3
1862 1044 2128 1102 sequuntur
2151 1055 2346 1087 suarum

399 1123 680 1186 specierum.

465 1302 644 1360 Primo,
672 1320 800 1368 ergO,
828 1305 1122 1367 quantitates
1145 1313 1229 1354 aut
1251 1313 1364 1354 sunt
1387 1307 1704 1362 abundanteS,
1732 1312 1817 1354 aut
1839 1305 2097 1354 defectivae.

466 1391 788 1439 Abundantes
824 1399 935 1439 sunt
970 1393 1262 1456 quantitates
1282 1394 1496 1458 ‘majores
1526 1393 1695 1451 nihilo,
1736 1400 1785 1442 et
1819 1399 2130 1457 augmentum
2162 1410 2261 1456 prae
2296 1410 2345 1440 se

399 1482 573 1528 ferunt.

468 1568 577 1625 Hae,
604 1575 688 1617 aut
709 1568 857 1626 nullo,
885 1576 969 1618 aut
990 1570 1084 1618 hoe
1107 1570 1244 1635 signo
1269 1576 1339 1632 ψ,
1373 1572 1504 1635 quod
1527 1571 1700 1636 copula
1727 1570 1973 1636 augmenti
2004 1569 2194 1626 dicitur,
2229 1587 2345 1633 prae-

398 1663 644 1706 notantur.

668 1746 740 1795 Ut
776 1746 818 1794 si
850 1747 976 1795 nihil
1010 1748 1227 1797 debentis
1265 1766 1377 1813 opes
1412 1749 1709 1798 aestimentur
1740 1754 1836 1797 100
1871 1755 2239 1807 coronatorum3
2282 1765 2346 1795 eae

600 1842 685 1883 aut
702 1835 785 1893 sic,
806 1841 902 1885 100
920 1854 1032 1894 cor„
1054 1845 1138 1886 aut
1162 1837 1244 1895 sic,
1268 1843 1424 1899 ÷100
1441 1855 1553 1896 eor„
1573 1845 1905 1902 praenotantur
1923 1858 1937 1898 ;
1978 1844 2026 1885 et
2049 1837 2117 1885 sic
2139 1853 2345 1901 pronun-

599 1924 797 1982 tiantur,
839 1933 990 1974 auctae
1021 1934 1214 1976 centum
1245 1927 1497 1985 coronatis,
1536 1927 1839 1976 commodum
1871 1943 2058 1990 semper
2084 1933 2132 1975 et
2159 1926 2346 1974 lucrum

600 2013 930 2078 significando.

471 2191 665 2239 Harum
702 2193 1081 2257 computationes
1118 2200 1217 2242 tam
1257 2211 1316 2242 ex
1354 2194 1611 2258 praemissis
1649 2196 1791 2258 quam
1828 2192 2226 2257 subsequentibus
2263 2193 2344 2241 ha-

402 2282 594 2329 bentur.

469 2370 736 2418 Defectivae
773 2377 884 2418 sunt
924 2371 1216 2434 quantitates
1255 2371 1463 2420 minores
1502 2372 1670 2429 nihilo,
1714 2379 1762 2420 et
1801 2370 2117 2419 minutionem
2155 2388 2256 2435 prae
2297 2389 2344 2419 se

402 2459 578 2507 ferunt.

472 2549 584 2606 Hae,
626 2565 813 2613 semper
849 2549 941 2597 hoc
975 2549 1112 2614 signo
1135 2583 1214 2607 —‚
1247 2551 1378 2614 quod
1409 2549 1692 2598 minutionis
1729 2549 1902 2613 copula
1937 2548 2128 2605 dieitur,
2168 2565 2346 2612 praeno-

404 2644 583 2686 tantur.

671 2727 742 2776 Ut
780 2728 821 2775 si
857 2729 958 2792 ejus
995 2744 1108 2792 opes
1139 2727 1435 2776 aestimentur
1466 2729 1601 2792 cujus
1633 2728 1796 2776 debita
1831 2727 2067 2776 excedunt
2095 2727 2222 2775 bona
2254 2731 2348 2774 100

607 2816 860 2873 coronatis,
885 2817 1057 2865 merito
1080 2819 1182 2882 ejus
1207 2835 1318 2882 opes
1343 2818 1412 2865 sio
1433 2824 1778 2881 praenotantur,
1804 2822 1970 2865 —lOO
1993 2815 2228 2865 coronatis
2248 2836 2262 2875 3
2300 2822 2346 2862 et

607 2905 676 2953 sic
697 2902 1086 2969 pronuntiantur,
1119 2905 1319 2954 minutae
1343 2913 1536 2955 eentum
1558 2905 1810 2961 coronatis,
1843 2906 2071 2953 damnum
2094 2920 2277 2966 semper
2300 2909 2346 2950 et

605 2994 846 3042 defectum
869 2993 1197 3058 significando.

474 3170 838 3219 Defectivarum
868 3178 1028 3220 ortum
1057 3179 1105 3220 et
1134 3172 1369 3237 originem
1400 3171 1617 3236 superius
1648 3189 1707 3219 ex
1735 3169 2080 3220 substractione
2102 3167 2295 3232 majoris
2319 3168 2345 3213 a

406 3259 590 3309 minore
612 3260 864 3325 provenire
887 3260 1196 3310 ostendimus.

1368 3365 1394 3395 c
