2878 3900
1012 520 1101 563 DE
1135 520 1310 562 ARTE
1343 519 1722 564 LOGISTICA.
2277 526 2324 564 ll

467 668 568 714 Hic
590 666 735 714 etiam
757 666 975 723 radicati,
1001 668 1191 723 radicis,
1224 674 1272 714 et
1297 666 1470 716 indicis
1499 666 1676 730 species
1691 673 1826 723 sunt,
1853 672 1907 714 ut
1929 682 2074 731 supra
2094 666 2146 713 in
2167 667 2323 714 multi-

396 755 652 819 plicatione
690 754 905 803 radicali.
986 755 1052 803 Et
1091 772 1198 818 quae
1236 762 1345 818 post*
1377 754 1720 805 extractionem
1758 754 2073 803 remanserint
2111 754 2324 817 reliquiae

396 842 715 891 irresolubiles
739 843 981 890 dicuntur.
2044 905 2080 922 λ

462 931 610 987 Quod
644 947 703 977 ex
736 930 1011 993 imperfecta
1044 930 1335 981 extractione
1369 929 1588 994 provenit
1618 936 1689 978 est
1717 929 1875 978 minor
1897 930 2142 987 terminus,
2176 930 2255 978 cui
2283 931 2323 977 si

394 1018 626 1066 unitatem
643 1018 878 1082 'adjeceris
902 1018 994 1066 erit
1014 1019 1166 1082 major
1189 1018 1434 1074 terminus,
1470 1018 1597 1066 inter
1626 1035 1743 1081 quos
1766 1035 1881 1066 vera
1910 1026 1958 1066 et
1984 1018 2195 1082 perfecta
2217 1035 2323 1066 con-

395 1106 574 1154 tinetur
596 1113 644 1154 et
666 1106 783 1153 latet
805 1105 960 1154 radix.

656 1193 728 1242 Ut
763 1193 815 1240 in
852 1192 1093 1256 superiore
1127 1193 1342 1257 exemplo
1375 1193 1595 1257 provenit
1627 1193 1843 1241 binarius
1877 1193 2017 1241 radix
2047 1193 2323 1257 imperfecta

589 1280 849 1337 novenarii,
875 1280 954 1328 cui
976 1281 1017 1327 si
1041 1280 1273 1329 unitatem
1296 1280 1540 1343 adjeceriS,
1559 1280 1642 1328 fiet
1659 1280 1909 1337 ternarius,
1928 1281 2054 1329 inter
2071 1298 2187 1344 quos
2205 1281 2321 1328 latet

589 1385 701 1417 vera
722 1375 770 1416 et
792 1368 1003 1432 perfecta
1024 1368 1300 1432 tripartiens
1321 1367 1463 1416 radix
1484 1368 1745 1417 novenarii.

456 1543 643 1590 Verum
682 1543 968 1600 Geometrae,
1014 1542 1206 1606 majoris
1247 1542 1563 1592 accurationis
1603 1542 1817 1599 studiosi,
1858 1542 2016 1606 ipsum
2054 1544 2319 1592 radicatum

391 1629 525 1693 signo
559 1630 731 1678 indicis
766 1637 1031 1694 praenotare
1064 1630 1263 1686 malunt,
1307 1647 1452 1693 quam
1490 1630 1703 1678 radicem
1738 1630 1865 1678 inter
1899 1631 2126 1679 terminos
2170 1632 2317 1680 inclu-

390 1717 516 1766 dere.

654 1807 725 1856 Ut
758 1806 810 1853 in
844 1806 1087 1870 superiore
1121 1806 1337 1870 exemplo
1369 1806 1582 1855 radicem
1613 1805 1963 1869 tripartientem
1984 1808 2229 1855 novenarii
2251 1808 2320 1856 ita

585 1901 767 1950 notant,
794 1893 847 1947 xl
871 1898 930 1946 ‘C'
957 1900 987 1947 9
1008 1913 1020 1942 :
1062 1911 1207 1957 quam
1233 1893 1444 1942 radicem
1474 1893 1691 1942 cubicam
1722 1894 1969 1941 novenarii
1990 1896 2314 1958 pronuntiant.

585 1982 689 2030 Nos
714 1989 873 2030 autem
896 1982 964 2030 sic
984 1989 1218 2038 notamus,
1251 1981 1358 2038 Ι-9,
1383 1988 1431 2030 et
1453 1981 1664 2030 radicem
1692 1981 2043 2044 tripartientem
2072 1985 2316 2032 novenarii

585 2070 876 2133 apchamus
897 2089 909 2117 :
947 2071 1027 2118 Dc
1051 2070 1225 2132 quibus
1249 2069 1396 2134 signis
1420 2070 1623 2134 amplius
1648 2086 1732 2117 suo
1754 2068 1858 2116 loco
1880 2069 2104 2119 dicemus.

455 2245 555 2292 Hic
599 2245 788 2293 numeri
830 2244 1123 2293 Geometrici
1168 2262 1251 2293 seu
1292 2244 1514 2301 concreti,
1559 2261 1677 2307 quos
1717 2246 2015 2295 irrationales
2057 2254 2104 2294 et
2145 2249 2310 2295 surdos

386 2340 569 2389 vocant,
596 2340 755 2381 ortum
776 2332 968 2381 habent.

449 2510 510 2557 In
544 2509 620 2557 his
655 2508 1087 2573 computationibus
1122 2508 1426 2564 radicalibus,
1464 2508 1646 2556 indices
1681 2509 1764 2556 alii
1794 2516 1906 2558 sunt
1932 2526 2086 2573 pares,
2121 2511 2203 2559 alii
2225 2512 2310 2559 im-

381 2615 532 2662 pareS,
559 2598 643 2646 alii
665 2615 829 2645 rursus
851 2597 1011 2661 primi,
1036 2596 1091 2646 id
1112 2603 1183 2645 est
1205 2596 1388 2645 unitate
1412 2595 1509 2645 sola
1530 2596 1729 2654 dividui,
1765 2596 1848 2645 alii
1871 2598 2133 2661 compositi,
2164 2599 2217 2647 id
2239 2608 2308 2648 est

380 2702 578 2734 numero
601 2685 763 2749 aliquo
784 2685 991 2748 perfecte
1015 2684 1214 2733 dividui.

643 2773 715 2821 Ut
749 2772 930 2821 indices
968 2777 1013 2829 Q,
1053 2778 1099 2828 4,
1141 2771 1186 2827 6,
1226 2788 1363 2836 pares
1400 2779 1545 2831 sunt;
1595 2777 1641 2828 3,
1674 2778 1721 2828 5,
1753 2778 1800 2830 7,
1830 2772 2065 2836 impares:
2118 2775 2306 2823 Indices

578 2867 738 2909 autem
761 2866 806 2916 2,
840 2865 887 2917 3,
916 2867 963 2917 5,
994 2867 1041 2918 7,
1079 2865 1153 2916 11,
1192 2860 1338 2924 primi
1369 2867 1494 2916 sunt,
1532 2877 1621 2908 nec
1657 2859 1754 2908 ullo
1784 2877 1982 2909 numero
2012 2862 2223 2910 dividui:
2256 2869 2300 2918 4,

576 2955 750 3004 autem,
777 2947 823 3004 6,
845 2953 889 3004 8,
913 2953 958 3004 9,
983 2953 1058 3003 10,
1081 2949 1162 2996 διο.
1188 2954 1299 2996 sunt
1321 2947 1570 3012 compositi
1592 2964 1651 2995 ex
1671 2947 1912 3007 numeris3
1943 2948 2169 2996 nimirum
2191 2955 2223 2996 4
2246 2967 2304 2997 ex

574 3035 759 3083 duobus
782 3034 1013 3094 binariis;
1053 3033 1082 3083 6
1107 3051 1166 3083 ex
1188 3035 1373 3084 duobus
1397 3034 1634 3091 ternariis,
1661 3042 1743 3083 aut
1765 3035 1918 3083 tribus
1941 3035 2168 3095 binariis3
2197 3041 2225 3083 8
2244 3054 2303 3084 ex

575 3123 758 3171 duobus
783 3122 1114 3185 quaternariis,
1141 3130 1224 3171 aut
1246 3130 1451 3186 quatuor
1473 3123 1705 3183 binariis;
1745 3128 1776 3176 9
1793 3122 2020 3171 extribus
2043 3124 2293 3183 ternariis,

578 3216 639 3258 10
662 3227 721 3258 ex
743 3211 927 3258 duobus
951 3209 1197 3272 quinariis.
