2878 3900
527 563 603 604 146
1126 549 1214 592 DE
1248 545 1420 592 ARTE
1455 539 1829 587 LOGISTICA.

787 698 922 754 Item,
963 695 1025 744 sit
1063 710 1121 742 ex
1161 685 1723 750 l‘e—lo-Qq-SlRs—SO
1761 678 2057 730 extrahenda
2094 675 2236 725 radix
2276 674 2446 723 cubica

719 802 841 842 vera,
877 801 934 832 ea
966 781 1055 831 erit
1088 771 1795 837 xl‘ed‘e-IOQ-fl-SlRae—SO.

589 972 633 1013 4.
673 961 876 1011 Radices
905 966 1062 1007 autem
1092 952 1314 1019 quadrati
1344 951 1615 1016 quadratas,
1646 944 1982 1011 supersolidas,
2009 950 2058 991 et
2081 947 2278 990 caeteras
2310 955 2445 1003 supe-

524 1053 683 1106 riores,
726 1052 826 1098 tum
862 1046 976 1111 quia
1013 1042 1243 1093 rarissimi
1279 1048 1390 1090 sunt
1427 1056 1551 1093 usus,
1592 1039 1695 1085 tum
1729 1034 1846 1099 quia
1880 1049 1940 1081 ex
1974 1030 2116 1080 dictis
2151 1027 2446 1078 considerari

525 1146 729 1203 possunt,
763 1133 1039 1183 omittimus.

782 1222 852 1270 Ut
874 1221 914 1268 si
937 1219 998 1268 sit
1021 1217 1315 1267 extrahenda
1335 1213 1474 1263 radix
1492 1210 1716 1276 quadrati
1736 1210 1985 1274 quadrata,
2005 1223 2107 1256 eam
2127 1222 2213 1270 per
2230 1204 2447 1268 regulam

715 1310 824 1359 cubi
864 1308 932 1357 sic
971 1307 1268 1356 emendatam
1308 1302 1520 1352 extrahe.
1591 1299 1767 1355 Primi),
1811 1315 1898 1362 pro
1942 1305 1954 1325 ‘
1977 1296 2188 1344 radicem
2229 1292 2446 1341 cubicam

715 1397 943 1454 extrahe,'
965 1397 1083 1460 lege,
1114 1404 1126 1423 ‘
1143 1394 1353 1442 radicem
1372 1389 1595 1456 quadrati
1613 1389 1897 1453 quadratam
1922 1385 2150 1435 extrahe?
2209 1382 2445 1437 Secundi),

718 1503 804 1550 pro
841 1494 853 1514 ‘
878 1485 972 1533 tria
997 1484 1261 1548 quadrata,’
1296 1482 1415 1545 lege,
1456 1488 1469 1508 ‘
1493 1487 1698 1543 quatuor
1729 1478 1905 1526 cubos?
1975 1474 2162 1530 Tertib,
2192 1489 2280 1536 pro
2318 1479 2329 1499 ‘
2354 1470 2451 1518 tria

719 1573 953 1637 quadrata
975 1573 1119 1620 ducta
1138 1571 1189 1619 in
1213 1570 1421 1635 primum
1446 1567 1805 1616 antecedentem
1830 1563 2154 1628 quotientem,’
2177 1561 2296 1624 lege,
2331 1567 2343 1587 ‘
2367 1575 2449 1606 sex

718 1662 952 1724 quadrata
987 1661 1134 1707 ducta
1168 1659 1216 1706 in
1252 1658 1540 1721 quadratum
1574 1654 1719 1718 primi
1754 1650 2079 1701 antecedentis
2108 1647 2367 1713 quotientis
2403 1655 2450 1694 et

720 1757 923 1813 quatuor
945 1749 1089 1796 cubos
1112 1746 1222 1795 novi
1245 1747 1414 1794 ductos
1437 1744 1488 1792 in
1511 1743 1721 1807 primum
1745 1740 2102 1789 antecedentem
2126 1737 2449 1801 quotientem,’

720 1846 808 1885 etc.
879 1837 1080 1894 Quartc,
1123 1852 1210 1898 pro
1254 1842 1266 1862 ‘
1297 1834 1472 1881 cubum
1509 1830 1652 1887 novi,’
1691 1830 1809 1893 lege,
1858 1836 1870 1856 ‘
1899 1826 2120 1891 quadrati
2160 1826 2449 1889 quadratum

716 1925 856 1972 novi?
930 1924 992 1971 Et
1014 1923 1083 1971 sic
1106 1922 1356 1970 emendata
1382 1920 1549 1984 regula
1579 1918 1640 1966 ad
1674 1915 1898 1981 quadrati
1925 1915 2211 1979 quadratam
2237 1913 2449 1962 radicem

717 2011 1053 2059 extrahendam
1085 2009 1324 2057 inserviet.

684 2126 696 2139 ·
787 2099 857 2146 At
887 2099 996 2146 verb
1027 2097 1067 2144 si
1096 2113 1184 2161 pro
1214 2095 1508 2160 supersolida
1537 2094 1698 2142 radice
1728 2092 2024 2140 extrahenda
2049 2091 2266 2155 regulam
2293 2107 2450 2138 emen-

717 2187 830 2234 dare
854 2185 1071 2241 volueris,
1104 2201 1191 2249 pro
1222 2192 1234 2212 ‘
1258 2183 1507 2239 cubicam‚'
1539 2182 1658 2246 lege,
1698 2190 1710 2209 ‘
1735 2180 2111 2245 supersolidam,’
2135 2187 2184 2227 et
2205 2196 2293 2243 pro
2319 2187 2332 2207 ‘
2356 2178 2451 2227 tria

721 2273 984 2335 quadrata?
1013 2271 1131 2335 lege,
1161 2279 1173 2298 ‘
1191 2270 1403 2334 quinque
1427 2269 1651 2333 quadrati
1676 2268 1944 2332 quadrata,’
1969 2275 2017 2316 et
2039 2284 2127 2332 pro
2154 2267 2279 2315 ‘tria
2301 2268 2449 2331 quad-

717 2370 822 2409 rata
851 2361 996 2408 ducta
1025 2360 1075 2407 in
1102 2359 1311 2423 primum
1343 2359 1704 2407 antecedentem
1728 2358 2054 2421 quotientem,'
2088 2357 2208 2422 lege,
2249 2365 2262 2385 ‘
2285 2358 2451 2405 decem

717 2449 951 2512 quadrata
972 2449 1117 2496 ducta
1140 2448 1188 2494 in
1213 2448 1389 2496 cubum
1411 2447 1556 2511 primi
1581 2446 1906 2495 antecedentis
1924 2445 2199 2510 quotientis,
2220 2453 2267 2494 et
2286 2446 2450 2494 decem

717 2538 859 2586 cubos
889 2536 998 2584 novi
1026 2537 1192 2584 ductos
1222 2536 1273 2584 in
1299 2536 1587 2600 quadratum
1618 2534 1958 2592 antecedentis,
1993 2542 2042 2583 et
2063 2534 2277 2598 quinque
2301 2534 2449 2598 quad-

718 2625 809 2672 rati
843 2625 1077 2688 quadrata
1107 2624 1223 2693 ¹novi
1263 2624 1313 2672 in
1351 2623 1562 2688 primum
1599 2624 1959 2672 antecedentem
1993 2622 2321 2686 quotientem,’
2358 2630 2447 2670 etc.

723 2712 785 2760 Et
806 2729 892 2775 pro
913 2720 925 2740 ‘
943 2713 1117 2760 cubum
1138 2711 1279 2768 novi,‘
1298 2712 1416 2776 lege,
1439 2720 1451 2740 ‘
1471 2711 1822 2776 supersolidum
1844 2710 1957 2758 novi
1974 2713 2014 2771 ;’
2050 2718 2098 2759 et
2121 2709 2269 2758 simili
2289 2711 2446 2766 modo,

720 2801 790 2848 ad'
825 2817 984 2848 omnes
1030 2800 1294 2864 superiores
1340 2800 1524 2849 radices
1575 2800 1909 2856 extrahendas,
1962 2799 2174 2864 poterint
2223 2799 2451 2848 constitui

719 2889 906 2952 regulae.

970 3030 1252 3094 Exemplum
1274 3031 1452 3095 regulae
1475 3031 1700 3095 quadrati
1722 3031 1984 3095 quadratae.

784 3154 1789 3230 QQ†Q†4Q÷IIJ—Q{
1812 3157 1833 3219 (
1856 3156 2039 3216 1a÷1b
2056 3171 2145 3220 pro
2160 3158 2272 3203 vera
2287 3155 2450 3204 radice

931 3245 1099 3314 4-461—‘1‘3
1136 3241 1793 3318 ÷6anQ÷4lrea÷lffl
1922 3243 2101 3292 cubica.
