<?xml version="1.0" encoding="UTF-8"?>
<!DOCTYPE html PUBLIC "-//W3C//DTD XHTML 1.0 Transitional//EN"
    "http://www.w3.org/TR/xhtml1/DTD/xhtml1-transitional.dtd">
<html xmlns="http://www.w3.org/1999/xhtml" xml:lang="en" lang="en">
 <head>
  <title>
</title>
<meta http-equiv="Content-Type" content="text/html;charset=utf-8" />
  <meta name='ocr-system' content='tesseract 3.04.00' />
  <meta name='ocr-capabilities' content='ocr_page ocr_carea ocr_par ocr_line ocrx_word'/>
</head>
<body>
  <div class='ocr_page' id='page_1' title='image "./deartelogistic6200napiuoft_0171.png"; bbox 0 0 2878 3900; ppageno 0'>
   <div class='ocr_carea' id='block_1_1' title="bbox 1030 489 2358 535">
    <p class='ocr_par' dir='ltr' id='par_1_1' title="bbox 1030 489 2358 535">
     <span class='ocr_line' id='line_1_1' title="bbox 1030 489 2358 535; baseline 0.002 -3"><span class='ocrx_word' id='word_1_1' title='bbox 1030 490 1118 532; x_wconf 94' lang='lat' dir='ltr'>DE</span> <span class='ocrx_word' id='word_1_2' title='bbox 1154 490 1329 533; x_wconf 91' lang='lat' dir='ltr'><strong>ARTE</strong></span> <span class='ocrx_word' id='word_1_3' title='bbox 1362 489 1744 534; x_wconf 88' lang='lat' dir='ltr'><strong>LOGISTICA.</strong></span> <span class='ocrx_word' id='word_1_4' title='bbox 2305 495 2358 535; x_wconf 86' lang='lat'>49</span> 
     </span>
    </p>
   </div>
   <div class='ocr_carea' id='block_1_2' title="bbox 580 635 2357 3184">
    <p class='ocr_par' dir='ltr' id='par_1_2' title="bbox 580 635 2357 3184">
     <span class='ocr_line' id='line_1_2' title="bbox 676 635 2357 701; baseline -0.001 -16"><span class='ocrx_word' id='word_1_5' title='bbox 676 637 749 686; x_wconf 91' lang='lat' dir='ltr'>Sit</span> <span class='ocrx_word' id='word_1_6' title='bbox 778 636 1074 701; x_wconf 91' lang='lat' dir='ltr'>triangulum</span> <span class='ocrx_word' id='word_1_7' title='bbox 1104 636 1260 694; x_wconf 88' lang='lat' dir='ltr'>ABC,</span> <span class='ocrx_word' id='word_1_8' title='bbox 1295 637 1509 701; x_wconf 91' lang='lat' dir='ltr'>angulos,</span> <span class='ocrx_word' id='word_1_9' title='bbox 1543 636 1595 684; x_wconf 93' lang='lat' dir='ltr'><strong>A</strong></span> <span class='ocrx_word' id='word_1_10' title='bbox 1618 636 1882 693; x_wconf 91' lang='lat' dir='ltr'>sinistrum,</span> <span class='ocrx_word' id='word_1_11' title='bbox 1918 636 1960 684; x_wconf 89' lang='lat' dir='ltr'><strong>B</strong></span> <span class='ocrx_word' id='word_1_12' title='bbox 1984 635 2274 692; x_wconf 90' lang='lat' dir='ltr'>verticalem,</span> <span class='ocrx_word' id='word_1_13' title='bbox 2309 645 2357 684; x_wconf 90' lang='lat' dir='ltr'>et</span> 
     </span>
     <span class='ocr_line' id='line_1_3' title="bbox 607 725 2357 789; baseline -0.001 -14"><span class='ocrx_word' id='word_1_14' title='bbox 607 726 649 775; x_wconf 93' lang='lat' dir='ltr'>C</span> <span class='ocrx_word' id='word_1_15' title='bbox 691 727 928 783; x_wconf 89' lang='lat' dir='ltr'>dextrum,</span> <span class='ocrx_word' id='word_1_16' title='bbox 972 727 1169 775; x_wconf 91' lang='lat' dir='ltr'>habens.</span> <span class='ocrx_word' id='word_1_17' title='bbox 1248 727 1382 783; x_wconf 82' lang='lat' dir='ltr'>Quot</span> <span class='ocrx_word' id='word_1_18' title='bbox 1428 733 1590 774; x_wconf 92' lang='lat' dir='ltr'>autem</span> <span class='ocrx_word' id='word_1_19' title='bbox 1629 725 1848 774; x_wconf 90' lang='lat' dir='ltr'>radicum</span> <span class='ocrx_word' id='word_1_20' title='bbox 1890 725 2071 789; x_wconf 87' lang='lat' dir='ltr'>species</span> <span class='ocrx_word' id='word_1_21' title='bbox 2111 725 2357 773; x_wconf 80' lang='lat' dir='ltr'>desideras</span> 
     </span>
     <span class='ocr_line' id='line_1_4' title="bbox 605 812 2355 879; baseline -0.002 -16"><span class='ocrx_word' id='word_1_22' title='bbox 605 815 830 863; x_wconf 91' lang='lat' dir='ltr'>tabellam</span> <span class='ocrx_word' id='word_1_23' title='bbox 855 814 1272 879; x_wconf 83' lang='lat' dir='ltr'>comprehendere,</span> <span class='ocrx_word' id='word_1_24' title='bbox 1305 831 1392 877; x_wconf 88' lang='lat' dir='ltr'>per</span> <span class='ocrx_word' id='word_1_25' title='bbox 1420 813 1495 862; x_wconf 89' lang='lat' dir='ltr'>bis</span> <span class='ocrx_word' id='word_1_26' title='bbox 1525 819 1596 862; x_wconf 89' lang='lat' dir='ltr'>tot</span> <span class='ocrx_word' id='word_1_27' title='bbox 1624 821 1799 878; x_wconf 89' lang='lat' dir='ltr'>partes,</span> <span class='ocrx_word' id='word_1_28' title='bbox 1830 814 1938 878; x_wconf 91' lang='lat' dir='ltr'>plus</span> <span class='ocrx_word' id='word_1_29' title='bbox 1968 816 2077 870; x_wconf 71' lang='lat' dir='ltr'>una,</span> <span class='ocrx_word' id='word_1_30' title='bbox 2109 812 2355 861; x_wconf 83' lang='lat' dir='ltr'>dividatur</span> 
     </span>
     <span class='ocr_line' id='line_1_5' title="bbox 603 901 2354 967; baseline -0.001 -16"><span class='ocrx_word' id='word_1_31' title='bbox 603 904 829 967; x_wconf 90' lang='lat' dir='ltr'>quodque</span> <span class='ocrx_word' id='word_1_32' title='bbox 851 903 977 952; x_wconf 89' lang='lat' dir='ltr'>latus</span> <span class='ocrx_word' id='word_1_33' title='bbox 996 924 1009 963; x_wconf 86' lang='lat'>;</span> <span class='ocrx_word' id='word_1_34' title='bbox 1041 921 1084 951; x_wconf 89' lang='lat' dir='ltr'>v.</span> <span class='ocrx_word' id='word_1_35' title='bbox 1095 921 1157 967; x_wconf 90' lang='lat' dir='ltr'>g.,</span> <span class='ocrx_word' id='word_1_36' title='bbox 1179 903 1243 951; x_wconf 90' lang='lat' dir='ltr'>ad</span> <span class='ocrx_word' id='word_1_37' title='bbox 1258 903 1513 951; x_wconf 85' lang='lat' dir='ltr'>duodecim</span> <span class='ocrx_word' id='word_1_38' title='bbox 1530 902 1882 951; x_wconf 89' lang='lat' dir='ltr'>extractionum</span> <span class='ocrx_word' id='word_1_39' title='bbox 1906 902 2086 966; x_wconf 89' lang='lat' dir='ltr'>species</span> <span class='ocrx_word' id='word_1_40' title='bbox 2109 901 2354 950; x_wconf 89' lang='lat' dir='ltr'>continen-</span> 
     </span>
     <span class='ocr_line' id='line_1_6' title="bbox 604 984 2352 1055; baseline -0.001 -15"><span class='ocrx_word' id='word_1_41' title='bbox 604 993 735 1048; x_wconf 91' lang='lat' dir='ltr'>dum,</span> <span class='ocrx_word' id='word_1_42' title='bbox 769 992 1014 1040; x_wconf 83' lang='lat' dir='ltr'>dividatur</span> <span class='ocrx_word' id='word_1_43' title='bbox 1044 992 1269 1055; x_wconf 90' lang='lat' dir='ltr'>quodque</span> <span class='ocrx_word' id='word_1_44' title='bbox 1303 984 1430 1039; x_wconf 84' lang='lat' dir='ltr'>latus</span> <span class='ocrx_word' id='word_1_45' title='bbox 1467 990 1518 1038; x_wconf 91' lang='lat' dir='ltr'>in</span> <span class='ocrx_word' id='word_1_46' title='bbox 1549 996 1613 1038; x_wconf 67' lang='lat'>25</span> <span class='ocrx_word' id='word_1_47' title='bbox 1645 991 1851 1054; x_wconf 87' lang='lat' dir='ltr'>aequales</span> <span class='ocrx_word' id='word_1_48' title='bbox 1887 998 2083 1055; x_wconf 84' lang='lat' dir='ltr'>partes3</span> <span class='ocrx_word' id='word_1_49' title='bbox 2134 998 2194 1047; x_wconf 88' lang='lat' dir='ltr'>et,</span> <span class='ocrx_word' id='word_1_50' title='bbox 2235 989 2352 1037; x_wconf 92' lang='lat' dir='ltr'>inci-</span> 
     </span>
     <span class='ocr_line' id='line_1_7' title="bbox 600 1073 2347 1145; baseline 0 -17"><span class='ocrx_word' id='word_1_51' title='bbox 600 1081 778 1145; x_wconf 89' lang='lat' dir='ltr'>piendo</span> <span class='ocrx_word' id='word_1_52' title='bbox 809 1081 836 1127; x_wconf 73' lang='lat' dir='ltr'>a</span> <span class='ocrx_word' id='word_1_53' title='bbox 865 1080 971 1129; x_wconf 91' lang='lat' dir='ltr'>basi</span> <span class='ocrx_word' id='word_1_54' title='bbox 995 1079 1105 1137; x_wconf 93' lang='lat' dir='ltr'>AC,</span> <span class='ocrx_word' id='word_1_55' title='bbox 1132 1097 1219 1144; x_wconf 91' lang='lat' dir='ltr'>per</span> <span class='ocrx_word' id='word_1_56' title='bbox 1243 1079 1434 1144; x_wconf 90' lang='lat' dir='ltr'>singula</span> <span class='ocrx_word' id='word_1_57' title='bbox 1457 1080 1644 1128; x_wconf 87' lang='lat' dir='ltr'>alterna</span> <span class='ocrx_word' id='word_1_58' title='bbox 1665 1087 1845 1143; x_wconf 91' lang='lat' dir='ltr'>puncta</span> <span class='ocrx_word' id='word_1_59' title='bbox 1865 1073 2071 1128; x_wconf 89' lang='lat' dir='ltr'>laterum</span> <span class='ocrx_word' id='word_1_60' title='bbox 2094 1081 2347 1138; x_wconf 82' lang='lat' dir='ltr'>ducantur,</span> 
     </span>
     <span class='ocr_line' id='line_1_8' title="bbox 603 1168 2348 1233; baseline 0 -16"><span class='ocrx_word' id='word_1_61' title='bbox 603 1169 735 1217; x_wconf 88' lang='lat' dir='ltr'>intra</span> <span class='ocrx_word' id='word_1_62' title='bbox 764 1168 1077 1233; x_wconf 88' lang='lat' dir='ltr'>triangulum,</span> <span class='ocrx_word' id='word_1_63' title='bbox 1115 1168 1257 1216; x_wconf 88' lang='lat' dir='ltr'>lineae</span> <span class='ocrx_word' id='word_1_64' title='bbox 1287 1168 1542 1216; x_wconf 92' lang='lat' dir='ltr'>duodecim</span> <span class='ocrx_word' id='word_1_65' title='bbox 1574 1168 1680 1217; x_wconf 88' lang='lat' dir='ltr'>basi</span> <span class='ocrx_word' id='word_1_66' title='bbox 1707 1169 1983 1232; x_wconf 87' lang='lat' dir='ltr'>parallelae;</span> <span class='ocrx_word' id='word_1_67' title='bbox 2027 1168 2173 1216; x_wconf 83' lang='lat' dir='ltr'>simili</span> <span class='ocrx_word' id='word_1_68' title='bbox 2206 1170 2348 1217; x_wconf 91' lang='lat' dir='ltr'>modo</span> 
     </span>
     <span class='ocr_line' id='line_1_9' title="bbox 600 1255 2345 1322; baseline 0.001 -17"><span class='ocrx_word' id='word_1_69' title='bbox 600 1257 801 1321; x_wconf 86' lang='lat' dir='ltr'>incipies</span> <span class='ocrx_word' id='word_1_70' title='bbox 848 1259 876 1304; x_wconf 77' lang='lat' dir='ltr'>a</span> <span class='ocrx_word' id='word_1_71' title='bbox 919 1257 1069 1304; x_wconf 91' lang='lat' dir='ltr'>latere</span> <span class='ocrx_word' id='word_1_72' title='bbox 1115 1255 1227 1312; x_wconf 91' lang='lat' dir='ltr'>AB,</span> <span class='ocrx_word' id='word_1_73' title='bbox 1275 1263 1323 1304; x_wconf 92' lang='lat' dir='ltr'>et</span> <span class='ocrx_word' id='word_1_74' title='bbox 1368 1256 1414 1304; x_wconf 88' lang='lat' dir='ltr'>ei</span> <span class='ocrx_word' id='word_1_75' title='bbox 1458 1256 1711 1304; x_wconf 92' lang='lat' dir='ltr'>duodecim</span> <span class='ocrx_word' id='word_1_76' title='bbox 1755 1256 2023 1320; x_wconf 87' lang='lat' dir='ltr'>parallelas,</span> <span class='ocrx_word' id='word_1_77' title='bbox 2072 1259 2099 1304; x_wconf 75' lang='lat' dir='ltr'>a</span> <span class='ocrx_word' id='word_1_78' title='bbox 2144 1257 2345 1322; x_wconf 88' lang='lat' dir='ltr'>singulis</span> 
     </span>
     <span class='ocr_line' id='line_1_10' title="bbox 599 1342 2342 1409; baseline 0.001 -15"><span class='ocrx_word' id='word_1_79' title='bbox 599 1345 796 1394; x_wconf 87' lang='lat' dir='ltr'>alternis</span> <span class='ocrx_word' id='word_1_80' title='bbox 832 1345 1023 1409; x_wconf 91' lang='lat' dir='ltr'>punctis</span> <span class='ocrx_word' id='word_1_81' title='bbox 1059 1344 1203 1401; x_wconf 84' lang='lat' dir='ltr'>basis,</span> <span class='ocrx_word' id='word_1_82' title='bbox 1245 1361 1334 1408; x_wconf 90' lang='lat' dir='ltr'>per</span> <span class='ocrx_word' id='word_1_83' title='bbox 1373 1344 1564 1409; x_wconf 89' lang='lat' dir='ltr'>singula</span> <span class='ocrx_word' id='word_1_84' title='bbox 1602 1344 1789 1393; x_wconf 88' lang='lat' dir='ltr'>alterna</span> <span class='ocrx_word' id='word_1_85' title='bbox 1822 1342 2004 1409; x_wconf 75' lang='lat' dir='ltr'>Puncta</span> <span class='ocrx_word' id='word_1_86' title='bbox 2037 1346 2201 1394; x_wconf 90' lang='lat' dir='ltr'>lateris</span> <span class='ocrx_word' id='word_1_87' title='bbox 2238 1347 2342 1402; x_wconf 86' lang='lat' dir='ltr'>BC,</span> 
     </span>
     <span class='ocr_line' id='line_1_11' title="bbox 595 1433 2343 1506; baseline 0.001 -24"><span class='ocrx_word' id='word_1_88' title='bbox 595 1442 695 1483; x_wconf 86' lang='lat' dir='ltr'>tam</span> <span class='ocrx_word' id='word_1_89' title='bbox 739 1434 871 1482; x_wconf 89' lang='lat' dir='ltr'>intra</span> <span class='ocrx_word' id='word_1_90' title='bbox 915 1433 1213 1498; x_wconf 83' lang='lat' dir='ltr'>triangulum</span> <span class='ocrx_word' id='word_1_91' title='bbox 1258 1434 1403 1497; x_wconf 71' lang='lat' dir='ltr'>quam</span> <span class='ocrx_word' id='word_1_92' title='bbox 1448 1433 1576 1482; x_wconf 90' lang='lat' dir='ltr'>ultra</span> <span class='ocrx_word' id='word_1_93' title='bbox 1619 1433 1798 1506; x_wconf 73' lang='lat' dir='ltr'>lineam</span> <span class='ocrx_word' id='word_1_94' title='bbox 1844 1435 1947 1491; x_wconf 90' lang='lat' dir='ltr'>BC,</span> <span class='ocrx_word' id='word_1_95' title='bbox 2001 1435 2144 1499; x_wconf 83' lang='lat' dir='ltr'>digiti</span> <span class='ocrx_word' id='word_1_96' title='bbox 2189 1435 2343 1499; x_wconf 91' lang='lat' dir='ltr'>spatio</span> 
     </span>
     <span class='ocr_line' id='line_1_12' title="bbox 596 1522 2343 1587; baseline 0 -16"><span class='ocrx_word' id='word_1_97' title='bbox 596 1524 824 1571; x_wconf 85' lang='lat' dir='ltr'>extendes</span> <span class='ocrx_word' id='word_1_98' title='bbox 845 1543 858 1582; x_wconf 90' lang='lat'>;</span> <span class='ocrx_word' id='word_1_99' title='bbox 897 1523 1066 1571; x_wconf 90' lang='lat' dir='ltr'>eodem</span> <span class='ocrx_word' id='word_1_100' title='bbox 1094 1539 1289 1586; x_wconf 92' lang='lat' dir='ltr'>prorsus</span> <span class='ocrx_word' id='word_1_101' title='bbox 1320 1523 1477 1579; x_wconf 93' lang='lat' dir='ltr'>modo,</span> <span class='ocrx_word' id='word_1_102' title='bbox 1509 1522 1651 1570; x_wconf 87' lang='lat' dir='ltr'>lateri</span> <span class='ocrx_word' id='word_1_103' title='bbox 1674 1522 1777 1579; x_wconf 92' lang='lat' dir='ltr'>BC,</span> <span class='ocrx_word' id='word_1_104' title='bbox 1811 1523 2063 1571; x_wconf 91' lang='lat' dir='ltr'>duodecim</span> <span class='ocrx_word' id='word_1_105' title='bbox 2091 1524 2343 1587; x_wconf 86' lang='lat' dir='ltr'>parallelas</span> 
     </span>
     <span class='ocr_line' id='line_1_13' title="bbox 595 1610 2344 1676; baseline 0.001 -17"><span class='ocrx_word' id='word_1_106' title='bbox 595 1614 622 1659; x_wconf 71' lang='lat' dir='ltr'>a</span> <span class='ocrx_word' id='word_1_107' title='bbox 653 1611 855 1676; x_wconf 89' lang='lat' dir='ltr'>singulis</span> <span class='ocrx_word' id='word_1_108' title='bbox 893 1611 1092 1660; x_wconf 88' lang='lat' dir='ltr'>alternis</span> <span class='ocrx_word' id='word_1_109' title='bbox 1120 1610 1312 1675; x_wconf 91' lang='lat' dir='ltr'>punctis</span> <span class='ocrx_word' id='word_1_110' title='bbox 1341 1611 1484 1667; x_wconf 81' lang='lat' dir='ltr'>basiS,</span> <span class='ocrx_word' id='word_1_111' title='bbox 1525 1618 1573 1659; x_wconf 90' lang='lat' dir='ltr'>et</span> <span class='ocrx_word' id='word_1_112' title='bbox 1607 1628 1696 1675; x_wconf 90' lang='lat' dir='ltr'>per</span> <span class='ocrx_word' id='word_1_113' title='bbox 1732 1611 1923 1675; x_wconf 88' lang='lat' dir='ltr'>singula</span> <span class='ocrx_word' id='word_1_114' title='bbox 1951 1612 2137 1660; x_wconf 89' lang='lat' dir='ltr'>alterna</span> <span class='ocrx_word' id='word_1_115' title='bbox 2164 1621 2344 1676; x_wconf 87' lang='lat' dir='ltr'>puncta</span> 
     </span>
     <span class='ocr_line' id='line_1_14' title="bbox 593 1700 2341 1765; baseline 0.001 -16"><span class='ocrx_word' id='word_1_116' title='bbox 593 1701 759 1750; x_wconf 90' lang='lat' dir='ltr'>lateris</span> <span class='ocrx_word' id='word_1_117' title='bbox 809 1700 920 1758; x_wconf 90' lang='lat' dir='ltr'>BA,</span> <span class='ocrx_word' id='word_1_118' title='bbox 970 1701 1100 1749; x_wconf 90' lang='lat' dir='ltr'>ultra</span> <span class='ocrx_word' id='word_1_119' title='bbox 1140 1700 1437 1764; x_wconf 87' lang='lat' dir='ltr'>triangulum</span> <span class='ocrx_word' id='word_1_120' title='bbox 1483 1700 1625 1765; x_wconf 82' lang='lat' dir='ltr'>digiti</span> <span class='ocrx_word' id='word_1_121' title='bbox 1671 1700 1826 1764; x_wconf 88' lang='lat' dir='ltr'>spatio</span> <span class='ocrx_word' id='word_1_122' title='bbox 1871 1702 2112 1749; x_wconf 87' lang='lat' dir='ltr'>extendes.</span> <span class='ocrx_word' id='word_1_123' title='bbox 2207 1702 2341 1750; x_wconf 91' lang='lat' dir='ltr'>Hinc</span> 
     </span>
     <span class='ocr_line' id='line_1_15' title="bbox 593 1788 2340 1854; baseline 0 -16"><span class='ocrx_word' id='word_1_124' title='bbox 593 1790 743 1839; x_wconf 90' lang='lat' dir='ltr'>habes</span> <span class='ocrx_word' id='word_1_125' title='bbox 780 1789 1078 1854; x_wconf 87' lang='lat' dir='ltr'>triangulum</span> <span class='ocrx_word' id='word_1_126' title='bbox 1115 1788 1286 1837; x_wconf 90' lang='lat' dir='ltr'>areolis</span> <span class='ocrx_word' id='word_1_127' title='bbox 1322 1789 1586 1853; x_wconf 91' lang='lat' dir='ltr'>hexagonis</span> <span class='ocrx_word' id='word_1_128' title='bbox 1615 1789 1858 1846; x_wconf 91' lang='lat' dir='ltr'>refertum,</span> <span class='ocrx_word' id='word_1_129' title='bbox 1897 1807 2101 1853; x_wconf 92' lang='lat' dir='ltr'>quarum</span> <span class='ocrx_word' id='word_1_130' title='bbox 2135 1795 2196 1838; x_wconf 68' lang='lat'>12</span> <span class='ocrx_word' id='word_1_131' title='bbox 2230 1791 2340 1838; x_wconf 88' lang='lat' dir='ltr'>dex-</span> 
     </span>
     <span class='ocr_line' id='line_1_16' title="bbox 593 1867 2339 1943; baseline -0.001 -16"><span class='ocrx_word' id='word_1_132' title='bbox 593 1879 737 1935; x_wconf 86' lang='lat' dir='ltr'>timae,</span> <span class='ocrx_word' id='word_1_133' title='bbox 787 1886 834 1926; x_wconf 91' lang='lat' dir='ltr'>et</span> <span class='ocrx_word' id='word_1_134' title='bbox 873 1867 1014 1926; x_wconf 85' lang='lat' dir='ltr'>lineae</span> <span class='ocrx_word' id='word_1_135' title='bbox 1055 1877 1143 1926; x_wconf 90' lang='lat' dir='ltr'>BC</span> <span class='ocrx_word' id='word_1_136' title='bbox 1183 1877 1429 1941; x_wconf 86' lang='lat' dir='ltr'>proximae,</span> <span class='ocrx_word' id='word_1_137' title='bbox 1481 1882 1542 1925; x_wconf 65' lang='lat'>12</span> <span class='ocrx_word' id='word_1_138' title='bbox 1582 1877 1849 1926; x_wconf 89' lang='lat' dir='ltr'>unitatibus</span> <span class='ocrx_word' id='word_1_139' title='bbox 1888 1878 2135 1943; x_wconf 80' lang='lat' dir='ltr'>sigillatim</span> <span class='ocrx_word' id='word_1_140' title='bbox 2174 1878 2339 1927; x_wconf 88' lang='lat' dir='ltr'>inscri-</span> 
     </span>
     <span class='ocr_line' id='line_1_17' title="bbox 590 1965 2338 2031; baseline -0.001 -15"><span class='ocrx_word' id='word_1_141' title='bbox 590 1969 810 2027; x_wconf 82' lang='lat' dir='ltr'>buntur3</span> <span class='ocrx_word' id='word_1_142' title='bbox 856 1966 1104 2014; x_wconf 86' lang='lat' dir='ltr'>sinistimae</span> <span class='ocrx_word' id='word_1_143' title='bbox 1136 1967 1249 2014; x_wconf 78' lang='lat' dir='ltr'>vero</span> <span class='ocrx_word' id='word_1_144' title='bbox 1285 1965 1499 2014; x_wconf 91' lang='lat' dir='ltr'>numeris</span> <span class='ocrx_word' id='word_1_145' title='bbox 1538 1971 1579 2022; x_wconf 91' lang='lat'>1,</span> <span class='ocrx_word' id='word_1_146' title='bbox 1619 1971 1665 2022; x_wconf 66' lang='lat' dir='ltr'>Q,</span> <span class='ocrx_word' id='word_1_147' title='bbox 1705 1971 1751 2022; x_wconf 93' lang='lat'>3,</span> <span class='ocrx_word' id='word_1_148' title='bbox 1792 1971 1838 2023; x_wconf 79' lang='lat'>4«,</span> <span class='ocrx_word' id='word_1_149' title='bbox 1872 1973 1918 2023; x_wconf 88' lang='lat'>5,</span> <span class='ocrx_word' id='word_1_150' title='bbox 1946 1974 2051 2024; x_wconf 71' lang='lat' dir='ltr'>etc„</span> <span class='ocrx_word' id='word_1_151' title='bbox 2091 1984 2241 2031; x_wconf 89' lang='lat' dir='ltr'>usque</span> <span class='ocrx_word' id='word_1_152' title='bbox 2276 1968 2338 2015; x_wconf 92' lang='lat' dir='ltr'>ad</span> 
     </span>
     <span class='ocr_line' id='line_1_18' title="bbox 596 2054 2334 2118; baseline -0.001 -14"><span class='ocrx_word' id='word_1_153' title='bbox 596 2061 672 2113; x_wconf 84' lang='lat'>13,</span> <span class='ocrx_word' id='word_1_154' title='bbox 700 2056 884 2112; x_wconf 89' lang='lat' dir='ltr'>ordine,</span> <span class='ocrx_word' id='word_1_155' title='bbox 917 2057 945 2102; x_wconf 75' lang='lat' dir='ltr'>a</span> <span class='ocrx_word' id='word_1_156' title='bbox 967 2054 1144 2103; x_wconf 89' lang='lat' dir='ltr'>vertice</span> <span class='ocrx_word' id='word_1_157' title='bbox 1169 2055 1211 2103; x_wconf 94' lang='lat' dir='ltr'><strong>B</strong></span> <span class='ocrx_word' id='word_1_158' title='bbox 1235 2055 1299 2102; x_wconf 91' lang='lat' dir='ltr'>ad</span> <span class='ocrx_word' id='word_1_159' title='bbox 1321 2054 1552 2118; x_wconf 83' lang='lat' dir='ltr'>angulum</span> <span class='ocrx_word' id='word_1_160' title='bbox 1576 2054 1823 2102; x_wconf 91' lang='lat' dir='ltr'>sinistrum</span> <span class='ocrx_word' id='word_1_161' title='bbox 1847 2054 1898 2103; x_wconf 95' lang='lat' dir='ltr'>A</span> <span class='ocrx_word' id='word_1_162' title='bbox 1922 2055 2334 2111; x_wconf 90' lang='lat' dir='ltr'>descendentibus,</span> 
     </span>
     <span class='ocr_line' id='line_1_19' title="bbox 592 2143 2334 2207; baseline -0.001 -14"><span class='ocrx_word' id='word_1_163' title='bbox 592 2144 965 2203; x_wconf 83' lang='lat' dir='ltr'>inscribuntur3</span> <span class='ocrx_word' id='word_1_164' title='bbox 1033 2143 1207 2191; x_wconf 88' lang='lat' dir='ltr'>deinde</span> <span class='ocrx_word' id='word_1_165' title='bbox 1251 2143 1557 2207; x_wconf 87' lang='lat' dir='ltr'>hexagonum</span> <span class='ocrx_word' id='word_1_166' title='bbox 1609 2143 1834 2206; x_wconf 90' lang='lat' dir='ltr'>quodque</span> <span class='ocrx_word' id='word_1_167' title='bbox 1884 2143 2086 2191; x_wconf 89' lang='lat' dir='ltr'>interius</span> <span class='ocrx_word' id='word_1_168' title='bbox 2131 2161 2334 2192; x_wconf 88' lang='lat' dir='ltr'>vacuum</span> 
     </span>
     <span class='ocr_line' id='line_1_20' title="bbox 588 2231 2333 2297; baseline -0.001 -15"><span class='ocrx_word' id='word_1_169' title='bbox 588 2234 879 2282; x_wconf 90' lang='lat' dir='ltr'>inscribatur</span> <span class='ocrx_word' id='word_1_170' title='bbox 924 2239 1183 2297; x_wconf 89' lang='lat' dir='ltr'>aggregato</span> <span class='ocrx_word' id='word_1_171' title='bbox 1227 2232 1432 2280; x_wconf 93' lang='lat' dir='ltr'>duorum</span> <span class='ocrx_word' id='word_1_172' title='bbox 1478 2248 1786 2280; x_wconf 90' lang='lat' dir='ltr'>numerorum</span> <span class='ocrx_word' id='word_1_173' title='bbox 1831 2231 1876 2279; x_wconf 91' lang='lat' dir='ltr'>ei</span> <span class='ocrx_word' id='word_1_174' title='bbox 1914 2232 2129 2296; x_wconf 90' lang='lat' dir='ltr'>proxime</span> <span class='ocrx_word' id='word_1_175' title='bbox 2173 2250 2333 2297; x_wconf 90' lang='lat' dir='ltr'>super-</span> 
     </span>
     <span class='ocr_line' id='line_1_21' title="bbox 588 2320 2332 2387; baseline -0.001 -16"><span class='ocrx_word' id='word_1_176' title='bbox 588 2323 888 2387; x_wconf 82' lang='lat' dir='ltr'>positorum3</span> <span class='ocrx_word' id='word_1_177' title='bbox 933 2329 988 2370; x_wconf 91' lang='lat' dir='ltr'>ut</span> <span class='ocrx_word' id='word_1_178' title='bbox 1018 2322 1108 2370; x_wconf 92' lang='lat' dir='ltr'>sub</span> <span class='ocrx_word' id='word_1_179' title='bbox 1138 2326 1169 2369; x_wconf 64' lang='grc' dir='ltr'>Ξ</span> <span class='ocrx_word' id='word_1_180' title='bbox 1200 2329 1247 2369; x_wconf 91' lang='lat' dir='ltr'>et</span> <span class='ocrx_word' id='word_1_181' title='bbox 1283 2326 1305 2368; x_wconf 94' lang='grc'><strong>1</strong></span> <span class='ocrx_word' id='word_1_182' title='bbox 1340 2320 1612 2369; x_wconf 91' lang='lat' dir='ltr'>scribantur</span> <span class='ocrx_word' id='word_1_183' title='bbox 1643 2325 1709 2380; x_wconf 82' lang='lat'>33</span> <span class='ocrx_word' id='word_1_184' title='bbox 1753 2321 1842 2369; x_wconf 93' lang='lat' dir='ltr'>sub</span> <span class='ocrx_word' id='word_1_185' title='bbox 1871 2325 1903 2368; x_wconf 90' lang='lat'><strong>3</strong></span> <span class='ocrx_word' id='word_1_186' title='bbox 1934 2328 1981 2369; x_wconf 91' lang='lat' dir='ltr'>et</span> <span class='ocrx_word' id='word_1_187' title='bbox 2011 2326 2057 2378; x_wconf 92' lang='grc'>3,</span> <span class='ocrx_word' id='word_1_188' title='bbox 2086 2321 2150 2382; x_wconf 88' lang='lat'>6;</span> <span class='ocrx_word' id='word_1_189' title='bbox 2190 2323 2278 2370; x_wconf 92' lang='lat' dir='ltr'>sub</span> <span class='ocrx_word' id='word_1_190' title='bbox 2301 2327 2332 2369; x_wconf 89' lang='grc'><strong>3</strong></span> 
     </span>
     <span class='ocr_line' id='line_1_22' title="bbox 587 2409 2331 2473; baseline -0.001 -13"><span class='ocrx_word' id='word_1_191' title='bbox 587 2419 634 2460; x_wconf 95' lang='lat' dir='ltr'>et</span> <span class='ocrx_word' id='word_1_192' title='bbox 667 2417 709 2468; x_wconf 93' lang='lat'>1,</span> <span class='ocrx_word' id='word_1_193' title='bbox 740 2417 806 2471; x_wconf 67' lang='lat'>4⁴3</span> <span class='ocrx_word' id='word_1_194' title='bbox 851 2418 899 2459; x_wconf 88' lang='lat' dir='ltr'>et</span> <span class='ocrx_word' id='word_1_195' title='bbox 929 2410 1000 2458; x_wconf 90' lang='lat' dir='ltr'>ita</span> <span class='ocrx_word' id='word_1_196' title='bbox 1029 2410 1080 2457; x_wconf 89' lang='lat' dir='ltr'>in</span> <span class='ocrx_word' id='word_1_197' title='bbox 1113 2410 1291 2458; x_wconf 80' lang='lat' dir='ltr'>calcem</span> <span class='ocrx_word' id='word_1_198' title='bbox 1322 2426 1474 2473; x_wconf 92' lang='lat' dir='ltr'>usque</span> <span class='ocrx_word' id='word_1_199' title='bbox 1505 2409 1693 2457; x_wconf 86' lang='lat' dir='ltr'>tabulae.</span> <span class='ocrx_word' id='word_1_200' title='bbox 1764 2409 1999 2466; x_wconf 90' lang='lat' dir='ltr'>Tandem,</span> <span class='ocrx_word' id='word_1_201' title='bbox 2032 2410 2331 2458; x_wconf 88' lang='lat' dir='ltr'>ascribantur</span> 
     </span>
     <span class='ocr_line' id='line_1_23' title="bbox 587 2497 2328 2563; baseline -0.001 -15"><span class='ocrx_word' id='word_1_202' title='bbox 587 2500 719 2548; x_wconf 91' lang='lat' dir='ltr'>tituli</span> <span class='ocrx_word' id='word_1_203' title='bbox 749 2499 1092 2555; x_wconf 89' lang='lat' dir='ltr'>sinistrorsum,</span> <span class='ocrx_word' id='word_1_204' title='bbox 1139 2506 1152 2526; x_wconf 86' lang='lat'>‘</span> <span class='ocrx_word' id='word_1_205' title='bbox 1174 2497 1521 2562; x_wconf 89' lang='lat' dir='ltr'>praecedentis,&#39;</span> <span class='ocrx_word' id='word_1_206' title='bbox 1559 2514 1705 2562; x_wconf 90' lang='lat' dir='ltr'>supra</span> <span class='ocrx_word' id='word_1_207' title='bbox 1738 2499 2001 2546; x_wconf 91' lang='lat' dir='ltr'>secundum</span> <span class='ocrx_word' id='word_1_208' title='bbox 2031 2498 2328 2563; x_wconf 88' lang='lat' dir='ltr'>hexagonum</span> 
     </span>
     <span class='ocr_line' id='line_1_24' title="bbox 585 2586 2330 2653; baseline -0.001 -16"><span class='ocrx_word' id='word_1_209' title='bbox 585 2595 651 2649; x_wconf 68' lang='lat'>23</span> <span class='ocrx_word' id='word_1_210' title='bbox 702 2606 850 2653; x_wconf 93' lang='lat' dir='ltr'>supra</span> <span class='ocrx_word' id='word_1_211' title='bbox 878 2587 1078 2636; x_wconf 91' lang='lat' dir='ltr'>tertium</span> <span class='ocrx_word' id='word_1_212' title='bbox 1107 2591 1138 2635; x_wconf 87' lang='lat'><strong>3</strong></span> <span class='ocrx_word' id='word_1_213' title='bbox 1170 2586 1339 2643; x_wconf 91' lang='lat' dir='ltr'>scribe,</span> <span class='ocrx_word' id='word_1_214' title='bbox 1387 2594 1399 2615; x_wconf 91' lang='lat'>‘</span> <span class='ocrx_word' id='word_1_215' title='bbox 1429 2586 1727 2651; x_wconf 91' lang='lat' dir='ltr'>duplicatum</span> <span class='ocrx_word' id='word_1_216' title='bbox 1762 2586 2076 2650; x_wconf 66' lang='lat' dir='ltr'>praecedentis</span> <span class='ocrx_word' id='word_1_217' title='bbox 2096 2607 2110 2647; x_wconf 88' lang='lat'>;</span> <span class='ocrx_word' id='word_1_218' title='bbox 2127 2589 2141 2608; x_wconf 92' lang='lat'>&#39;</span> <span class='ocrx_word' id='word_1_219' title='bbox 2187 2604 2330 2651; x_wconf 86' lang='lat' dir='ltr'>supra</span> 
     </span>
     <span class='ocr_line' id='line_1_25' title="bbox 586 2674 2326 2742; baseline -0.002 -16"><span class='ocrx_word' id='word_1_220' title='bbox 586 2684 815 2742; x_wconf 88' lang='lat' dir='ltr'>quartum</span> <span class='ocrx_word' id='word_1_221' title='bbox 852 2676 1023 2733; x_wconf 90' lang='lat' dir='ltr'>scribe,</span> <span class='ocrx_word' id='word_1_222' title='bbox 1070 2683 1082 2704; x_wconf 91' lang='lat'>‘</span> <span class='ocrx_word' id='word_1_223' title='bbox 1106 2675 1403 2740; x_wconf 88' lang='lat' dir='ltr'>triplicatum</span> <span class='ocrx_word' id='word_1_224' title='bbox 1438 2674 1752 2739; x_wconf 74' lang='lat' dir='ltr'>praecedentis</span> <span class='ocrx_word' id='word_1_225' title='bbox 1773 2695 1786 2734; x_wconf 84' lang='lat'><em>3</em></span> <span class='ocrx_word' id='word_1_226' title='bbox 1804 2677 1817 2696; x_wconf 90' lang='lat'>&#39;</span> <span class='ocrx_word' id='word_1_227' title='bbox 1863 2682 1911 2722; x_wconf 92' lang='lat' dir='ltr'>et</span> <span class='ocrx_word' id='word_1_228' title='bbox 1941 2674 2010 2723; x_wconf 90' lang='lat' dir='ltr'>sic</span> <span class='ocrx_word' id='word_1_229' title='bbox 2046 2675 2106 2723; x_wconf 93' lang='lat' dir='ltr'>de</span> <span class='ocrx_word' id='word_1_230' title='bbox 2141 2675 2326 2723; x_wconf 86' lang='lat' dir='ltr'>caeteris</span> 
     </span>
     <span class='ocr_line' id='line_1_26' title="bbox 582 2763 2324 2830; baseline -0.002 -16"><span class='ocrx_word' id='word_1_231' title='bbox 582 2766 812 2814; x_wconf 82' lang='lat' dir='ltr'>radicatis</span> <span class='ocrx_word' id='word_1_232' title='bbox 852 2764 1167 2830; x_wconf 76' lang='lat' dir='ltr'>praecedentis</span> <span class='ocrx_word' id='word_1_233' title='bbox 1202 2782 1355 2828; x_wconf 90' lang='lat' dir='ltr'>usque</span> <span class='ocrx_word' id='word_1_234' title='bbox 1395 2765 1458 2812; x_wconf 89' lang='lat' dir='ltr'>ad</span> <span class='ocrx_word' id='word_1_235' title='bbox 1493 2763 1976 2828; x_wconf 85' lang='lat' dir='ltr'>duodecuplicatum:</span> <span class='ocrx_word' id='word_1_236' title='bbox 2025 2765 2324 2812; x_wconf 88' lang='lat' dir='ltr'>dextrorsum</span> 
     </span>
     <span class='ocr_line' id='line_1_27' title="bbox 583 2853 2323 2918; baseline -0.001 -16"><span class='ocrx_word' id='word_1_237' title='bbox 583 2856 696 2903; x_wconf 78' lang='lat' dir='ltr'>vero</span> <span class='ocrx_word' id='word_1_238' title='bbox 742 2854 898 2903; x_wconf 90' lang='lat' dir='ltr'>scribe</span> <span class='ocrx_word' id='word_1_239' title='bbox 943 2871 1091 2918; x_wconf 89' lang='lat' dir='ltr'>supra</span> <span class='ocrx_word' id='word_1_240' title='bbox 1134 2853 1346 2918; x_wconf 92' lang='lat' dir='ltr'>primum</span> <span class='ocrx_word' id='word_1_241' title='bbox 1390 2853 1694 2917; x_wconf 86' lang='lat' dir='ltr'>hexagonum</span> <span class='ocrx_word' id='word_1_242' title='bbox 1742 2860 1755 2880; x_wconf 94' lang='lat'>‘</span> <span class='ocrx_word' id='word_1_243' title='bbox 1784 2853 2039 2901; x_wconf 91' lang='lat' dir='ltr'>succedens</span> <span class='ocrx_word' id='word_1_244' title='bbox 2060 2873 2073 2912; x_wconf 91' lang='lat'>;</span> <span class='ocrx_word' id='word_1_245' title='bbox 2097 2855 2110 2874; x_wconf 89' lang='grc'><strong><em>’</em></strong></span> <span class='ocrx_word' id='word_1_246' title='bbox 2178 2869 2323 2915; x_wconf 86' lang='lat' dir='ltr'>supra</span> 
     </span>
     <span class='ocr_line' id='line_1_28' title="bbox 583 2940 2319 3005; baseline -0.002 -15"><span class='ocrx_word' id='word_1_247' title='bbox 583 2943 862 2999; x_wconf 89' lang='lat' dir='ltr'>secundum,</span> <span class='ocrx_word' id='word_1_248' title='bbox 909 2950 922 2970; x_wconf 91' lang='lat'>‘</span> <span class='ocrx_word' id='word_1_249' title='bbox 945 2941 1244 3005; x_wconf 89' lang='lat' dir='ltr'>duplicatum</span> <span class='ocrx_word' id='word_1_250' title='bbox 1280 2941 1577 2990; x_wconf 90' lang='lat' dir='ltr'>succedentis</span> <span class='ocrx_word' id='word_1_251' title='bbox 1606 2943 1650 3001; x_wconf 88' lang='lat'>;&#39;</span> <span class='ocrx_word' id='word_1_252' title='bbox 1701 2957 1845 3005; x_wconf 90' lang='lat' dir='ltr'>supra</span> <span class='ocrx_word' id='word_1_253' title='bbox 1883 2941 2090 2997; x_wconf 91' lang='lat' dir='ltr'>tertium,</span> <span class='ocrx_word' id='word_1_254' title='bbox 2134 2949 2146 2968; x_wconf 93' lang='lat'>‘</span> <span class='ocrx_word' id='word_1_255' title='bbox 2171 2940 2319 3005; x_wconf 88' lang='lat' dir='ltr'>tripli-</span> 
     </span>
     <span class='ocr_line' id='line_1_29' title="bbox 582 3028 2316 3093; baseline -0.002 -13"><span class='ocrx_word' id='word_1_256' title='bbox 582 3039 743 3080; x_wconf 93' lang='lat' dir='ltr'>catum</span> <span class='ocrx_word' id='word_1_257' title='bbox 789 3030 1088 3079; x_wconf 90' lang='lat' dir='ltr'>succedentis</span> <span class='ocrx_word' id='word_1_258' title='bbox 1109 3033 1146 3091; x_wconf 91' lang='lat'>;’</span> <span class='ocrx_word' id='word_1_259' title='bbox 1194 3038 1243 3079; x_wconf 92' lang='lat' dir='ltr'>et</span> <span class='ocrx_word' id='word_1_260' title='bbox 1282 3030 1352 3079; x_wconf 91' lang='lat' dir='ltr'>sic</span> <span class='ocrx_word' id='word_1_261' title='bbox 1391 3031 1451 3078; x_wconf 92' lang='lat' dir='ltr'>de</span> <span class='ocrx_word' id='word_1_262' title='bbox 1490 3029 1689 3093; x_wconf 91' lang='lat' dir='ltr'>reliquis</span> <span class='ocrx_word' id='word_1_263' title='bbox 1735 3028 1962 3077; x_wconf 86' lang='lat' dir='ltr'>radicatis</span> <span class='ocrx_word' id='word_1_264' title='bbox 2007 3029 2316 3085; x_wconf 91' lang='lat' dir='ltr'>succedentis,</span> 
     </span>
     <span class='ocr_line' id='line_1_30' title="bbox 580 3117 2317 3184; baseline -0.001 -16"><span class='ocrx_word' id='word_1_265' title='bbox 580 3138 730 3184; x_wconf 87' lang='lat' dir='ltr'>usque</span> <span class='ocrx_word' id='word_1_266' title='bbox 761 3120 824 3168; x_wconf 81' lang='lat' dir='ltr'>ad</span> <span class='ocrx_word' id='word_1_267' title='bbox 854 3119 1295 3183; x_wconf 91' lang='lat' dir='ltr'>tredecuplicatum,</span> <span class='ocrx_word' id='word_1_268' title='bbox 1321 3126 1465 3183; x_wconf 92' lang='lat' dir='ltr'>prout</span> <span class='ocrx_word' id='word_1_269' title='bbox 1494 3119 1546 3166; x_wconf 89' lang='lat' dir='ltr'>in</span> <span class='ocrx_word' id='word_1_270' title='bbox 1581 3118 1767 3167; x_wconf 84' lang='lat' dir='ltr'>tabellae</span> <span class='ocrx_word' id='word_1_271' title='bbox 1797 3117 1945 3181; x_wconf 93' lang='lat' dir='ltr'>ipsius</span> <span class='ocrx_word' id='word_1_272' title='bbox 1974 3117 2317 3183; x_wconf 86' lang='lat' dir='ltr'>diagrammate</span> 
     </span>
    </p>
   </div>
   <div class='ocr_carea' id='block_1_3' title="bbox 579 3207 1366 3343">
    <p class='ocr_par' dir='ltr' id='par_1_3' title="bbox 579 3207 1366 3343">
     <span class='ocr_line' id='line_1_31' title="bbox 579 3207 1036 3273; baseline -0.002 -17"><span class='ocrx_word' id='word_1_273' title='bbox 579 3208 849 3273; x_wconf 89' lang='lat' dir='ltr'>subscripto</span> <span class='ocrx_word' id='word_1_274' title='bbox 871 3207 1036 3256; x_wconf 87' lang='lat' dir='ltr'>habes.</span> 
     </span>
     <span class='ocr_line' id='line_1_32' title="bbox 1335 3313 1366 3343; baseline 0 0"><span class='ocrx_word' id='word_1_275' title='bbox 1335 3313 1366 3343; x_wconf 87' lang='lat' dir='ltr'>G</span> 
     </span>
    </p>
   </div>
  </div>
 </body>
</html>
