2878 3900
517 562 576 602 30

1128 546 1215 590 DE
1249 542 1422 589 ARTE
1455 538 1834 583 LOGISTICA.

934 694 1187 745 demades:
1243 692 1524 738 statuantur
1559 693 1612 733 ut
1645 686 1673 732 ῑι
1705 683 1956 748 margine3
1997 674 2177 730 deinde‘
2199 682 2356 746 primo
2379 682 2449 730 in-

723 768 828 883 ἷζε-ἑξ
933 781 1215 847 quirendum
1251 785 1336 834 est,
1371 775 1556 840 quoties
1587 774 1767 823 auferri
1794 779 1993 838 possunt
2015 779 2047 831 7
2071 789 2130 821 ex
2153 771 2219 820 36
2247 771 2449 834 (etenim

931 870 996 919 86
1018 876 1127 917 sunt
1150 866 1395 914 sinistimae
1419 864 1513 912 illae
1530 864 1698 928 figurae
1722 862 2045 927 superpositae,
2066 878 2271 925 qum-um
2290 860 2448 909 termi-

714 978 815 1017 nus,
837 956 1067 1012 videlicet,
1092 956 1248 1019 figura
1271 953 1316 1010 6,
1337 952 1521 1001 desinet
1545 969 1691 1016 supra
1712 951 1870 1000 locum
1895 967 2098 999 vacuum
2121 949 2271 1013 quoti,
2291 949 2450 1013 proxi-

712 1064 840 1097 mum
869 1043 1179 1110 parenthesi),
1211 1049 1258 1090 et
1286 1041 1497 1089 invenies
1528 1040 1783 1104 quinquies
1817 1047 1850 1098 7
1885 1039 1936 1088 in
1970 1039 2069 1099 363
2114 1045 2283 1095 statue,
2317 1055 2446 1103 ergo,

712 1144 742 1185 5
767 1136 816 1184 in
839 1134 993 1199 primo
1016 1131 1149 1195 quoti
1171 1131 1275 1179 loco
1299 1147 1482 1190 vacu03
1531 1130 1755 1186 secundo,
1790 1128 2061 1193 multiplica
2081 1135 2114 1186 7
2136 1144 2223 1192 per
2250 1134 2296 1185 5,
2333 1127 2450 1176 fient

711 1230 772 1273 35
797 1221 955 1273 debito
978 1222 1081 1269 loco
1102 1220 1389 1285 reponenda,
1417 1218 1665 1282 (videlicet
1687 1225 1718 1266 5
1743 1219 1831 1267 sub
1854 1225 1901 1275 5,
1932 1224 1981 1266 et
2003 1222 2035 1266 3
2060 1217 2412 1280 sinistrorsum)
2434 1237 2446 1276 ;

926 1310 1080 1366 tertio,
1123 1309 1256 1357 aufer
1289 1313 1353 1356 35
1390 1325 1450 1356 ex
1485 1312 1518 1355 3
1555 1315 1603 1356 et
1638 1307 1669 1356 6
1705 1306 2030 1372 superpositis,
2069 1315 2130 1363 et,
2164 1306 2234 1355 eis
2263 1305 2447 1361 deletis,

743 1347 794 1439 1⁰
926 1399 1211 1463 relinquitur
1235 1398 1390 1446 unitas
1415 1397 1634 1462 superius
1657 1398 1883 1446 notanda.

715 1449 841 1564 Q
989 1490 1264 1552 Sequuntur
1298 1504 1413 1551 ergo
1446 1486 1664 1551 reliquiae
1699 1487 1774 1544 16,
1813 1488 1876 1535 ad
1909 1494 1957 1535 et
1992 1503 2139 1551 supra
2171 1493 2450 1549 sequentem

726 1575 806 1671 3ῗᾷ
923 1580 1077 1627 locum
1104 1594 1307 1626 vacuum
1339 1576 1487 1640 quoti,
1526 1594 1586 1625 ex
1620 1577 1795 1640 quibus
1831 1577 1906 1633 16,
1945 1577 2229 1641 (repetendo
2253 1593 2371 1640 opus
2398 1583 2447 1623 ut

924 1669 1095 1733 prius),
1131 1667 1285 1715 recole
1320 1666 1506 1730 quoties
1535 1673 1568 1725 7
1600 1667 1779 1716 auferri
1808 1666 2005 1731 possint,
2043 1673 2091 1715 et
2124 1666 2207 1714 hic
2239 1665 2315 1715 bis
2345 1664 2449 1713 fieri

710 1777 856 1825 posse,
882 1758 1057 1807 relictis
1081 1763 1126 1814 Q,
1153 1755 1414 1820 conspicies
1435 1776 1449 1817 ;
1488 1763 1730 1819 sequente,
1752 1773 1881 1820 ergo,
1906 1763 1954 1804 et
1978 1755 2147 1804 ultimo
2170 1754 2306 1819 quoti
2328 1755 2447 1810 1000,

710 1856 932 1897 notentur
956 1853 1019 1906 23
1058 1846 1230 1895 deinde
1265 1846 1505 1894 ducantur
1539 1850 1571 1893 2
1601 1862 1688 1909 per
1716 1853 1763 1904 7,
1800 1846 1924 1894 fiunt
1951 1851 2026 1903 14,
2062 1863 2171 1909 quae
2193 1845 2286 1893 rite
2310 1844 2450 1893 collo-

714 1945 820 1986 cata
842 1937 1017 1985 cadunt
1040 1937 1128 1984 sub
1156 1935 1230 1992 16,
1257 1952 1316 1983 ex
1339 1934 1514 1998 quibus
1539 1934 1673 1983 aufer
1699 1940 1774 1992 14«,
1801 1942 1862 1991 et,
1890 1934 2104 1999 utrisque
2127 1934 2240 1982 inde
2265 1933 2447 1989 deletis,

691 2026 1037 2089 .relinquentur
1060 2030 1090 2072 Q
1114 2025 1229 2081 dies,
1257 2042 1340 2072 seu
1362 2027 1394 2090 ἦ
1418 2024 1746 2081 hebdomadis,
1768 2032 1915 2087 quoto
1938 2024 2263 2081 annectendae,
2291 2030 2346 2071 ut
2368 2023 2453 2071 fiat

712 2131 848 2163 verus
877 2121 1062 2177 quotus,
1101 2118 1165 2161 52
1195 2113 1605 2162 hebdomadarum
1635 2120 1682 2161 et
1713 2115 1760 2178 ξ,
1798 2113 2004 2161 duarum
2028 2113 2209 2161 scilicet
2232 2112 2451 2177 septima-

713 2221 819 2252 rum
842 2202 1165 2259 hebdomadis,
1191 2202 1241 2250 in
1267 2219 1392 2251 anno
1414 2201 1662 2251 bissextili.

1305 2402 1459 2451 Aliud
1483 2403 1768 2468 exemplum.

786 2555 891 2604 Sint
925 2556 1118 2610 861094·
1151 2557 1406 2620 partienda
1440 2575 1527 2622 per
1564 2563 1695 2607 432:
1739 2559 2000 2608 constituta
2039 2567 2092 2607 ut
2132 2560 2160 2606 εὶ
2195 2558 2446 2624 margine3

719 2644 951 2701 videlicet,
988 2650 1020 2692 4·
1054 2652 1162 2693 ante
1198 2651 1242 2702 8,
1279 2646 1393 2710 quia
1427 2653 1457 2695 4·
1490 2647 1678 2696 minora
1712 2655 1822 2696 sunt
1853 2649 1996 2712 quem
2028 2653 2092 2708 83
2137 2648 2312 2697 deinde
2344 2665 2451 2696 con-

860 2766 933 2801 118
1083 2731 1317 2780 sideratur
1348 2734 1531 2797 quoties
1566 2740 1664 2783 432
1700 2736 1725 2784 ὲ
1762 2735 1855 2784 861
1894 2735 2073 2784 auferri
2105 2735 2304 2800 possint,
2343 2752 2451 2784 con-

778 2815 881 2915 ἆᾶἷ
1079 2821 1312 2883 jecturam
1346 2839 1405 2869 ex
1438 2829 1470 2870 4·
1504 2830 1551 2871 et
1587 2828 1616 2871 8
1652 2825 1897 2882 sumendo,
1933 2825 2010 2873 vel
2040 2841 2100 2873 ex
2128 2829 2194 2872 43
2217 2831 2265 2872 et
2290 2823 2367 2880 86,
2406 2832 2453 2871 et

752 2919 831 2965 429
1086 2907 1294 2957 invenies
1318 2915 1349 2957 4
1371 2909 1445 2958 bis
1469 2911 1530 2959 ab
1554 2916 1598 2968 8,
1632 2919 1678 2959 et
1701 2916 1732 2959 3
1756 2912 1831 2961 bis
1854 2913 1882 2960 ὲ
1904 2912 1936 2960 6
1959 2912 2139 2961 auferri
2159 2930 2298 2977 posse
2318 2932 2332 2972 ;
2371 2914 2455 2961 sed

727 2972 1004 3079 ,ιὲξᾶξζῇὓ
1088 3004 1245 3045 tamen
1269 3001 1299 3044 2
1322 3013 1418 3044 non
1440 3014 1576 3061 posse
1598 2998 1672 3047 bis
1696 3001 1758 3049 ab
1779 3006 1802 3048 1
1831 3001 2010 3050 auferri
2031 3022 2044 3062 ;
2084 3002 2212 3050 unde
2236 3001 2455 3064 (fallente

757 3076 870 3176 {238
1091 3084 1179 3132 hac
1223 3084 1516 3148 conjectura)
1557 3103 1702 3149 pones
1739 3105 1902 3137 omnes
1942 3090 2004 3138 ab
2044 3089 2264 3139 omnibus
2310 3089 2455 3138 semel

791 3181 923 3282 agga
1088 3179 1274 3222 tantum
1302 3171 1479 3220 auferri
1504 3189 1639 3236 posse
1660 3194 1673 3233 3
1714 3176 1951 3225 scribatur
1973 3194 2089 3243 ergo
2117 3183 2159 3235 1,
2183 3194 2273 3242 pro
2296 3176 2453 3242 prims}

1087 3260 1221 3325 quoti
1242 3259 1409 3323 figura,
1441 3276 1527 3323 per
1549 3262 1677 3325 quod
1699 3264 1968 3328 multiplica
1989 3271 2102 3323 432,
2128 3274 2176 3315 et
2198 3267 2315 3315 fient
2338 3269 2451 3321 432,
