2878 3900
528 547 577 588 12

1127 541 1212 583 DE
1247 538 1417 582 ARTE
1451 535 1824 581 LOGISTICA.

596 691 724 739 Hinc
746 690 798 738 fit
820 686 1036 737 radicalis
1058 682 1458 746 multiplicationis
1481 689 1623 743 atque
1646 677 1950 728 extractionis
1981 679 2311 741 compendium
2347 680 2428 727 ubi

525 778 700 827 indices
723 784 830 824 sunt
852 770 1106 836 compositi,
1131 768 1315 818 facilius
1337 767 1463 815 enim
1479 784 1566 831 per
1582 771 1913 830 componentes
1936 763 2180 828 sigillatim
2201 765 2429 829 multipli-

523 873 701 919 cantur,
726 870 807 911 aut
829 858 1151 912 extrahuntur,
1178 857 1318 917 quam
1340 871 1426 918 per
1448 852 1743 917 compositos,

779 945 992 1009 Exempli
1022 943 1186 1006 gratia,
1220 942 1359 990 radix
1391 941 1774 1005 quadripartiens
1803 939 2043 987 difficilius
2068 956 2163 987 uno
2185 956 2327 1003 opere
2349 957 2425 987 ex-

711 1032 913 1083 trahitur
934 1048 991 1079 ex
1014 1030 1224 1078 radicato
1247 1030 1372 1085 dato,
1393 1031 1536 1092 quam
1560 1029 1601 1076 si
1623 1029 1835 1092 ejusdem
1856 1026 2068 1075 radicem
2090 1026 2427 1090 bipartientem

708 1120 858 1184 primo
875 1117 1133 1166 extraxeris
1156 1126 1297 1180 atque
1319 1117 1431 1164 hinc
1455 1117 1625 1165 deinde
1649 1116 1791 1164 aliam
1814 1114 2164 1179 bipartientem.
2223 1114 2302 1163 Sic
2326 1132 2425 1162 sex-

706 1206 931 1269 tuplicare
965 1204 1187 1261 radicem,
1225 1205 1297 1252 vel
1332 1204 1750 1268 sextupartientem
1784 1203 1993 1251 radicem
2028 1202 2291 1259 extrahere,
2330 1220 2424 1250 non

708 1302 801 1341 tam
833 1292 968 1341 facile
999 1293 1060 1341 sit
1089 1295 1229 1356 quam
1253 1292 1294 1340 si
1314 1292 1469 1356 primo
1492 1292 1819 1356 triplicaveris,
1853 1298 1936 1339 aut
1965 1291 2314 1354 tripartientem
2349 1307 2425 1337 ex-

704 1381 916 1437 traxeris,
949 1380 1061 1428 inde
1090 1380 1403 1443 duplicaveris
1433 1387 1516 1427 aut
1542 1379 1877 1443 bipartientem
1901 1378 2181 1426 extraxeris·
2247 1377 2424 1425 Similis

703 1477 772 1515 est
790 1466 1014 1514 similium
1038 1467 1171 1515 ratio.
1232 1467 1515 1531 Exemplum
1538 1467 1589 1514 in
1610 1466 1819 1514 numeris
1840 1485 1851 1513 ε
1892 1465 2053 1513 Radix
2077 1464 2424 1528 sextupartiens

704 1556 727 1602 ὁ
752 1554 814 1602 64·
837 1554 1020 1602 facilius
1042 1554 1307 1602 extrahitur
1330 1554 1485 1617 primo
1506 1554 1715 1602 radicem
1738 1553 2085 1617 tripartientem
2115 1552 2421 1606 extrahendo,

704 1650 753 1689 ut
782 1641 899 1688 fiant
926 1646 973 1696 4,
1006 1639 1116 1688 inde
1145 1640 1478 1704 bipartientem
1507 1641 1812 1697 extrahendo,
1848 1647 1901 1688 ut
1928 1640 2045 1687 fiant
2067 1645 2098 1687 2
2120 1660 2133 1698 ;
2171 1640 2246 1687 vel
2269 1639 2423 1702 primo

701 1728 906 1775 radicem
939 1727 1273 1790 bipartientem
1307 1728 1597 1776 extrahendo
1632 1729 1657 1775 ὲ
1689 1728 1765 1783 64,
1805 1735 1857 1775 ut
1890 1728 2008 1774 fiant
2043 1732 2087 1783 8,
2125 1727 2236 1774 inde
2271 1735 2422 1774 extra-

701 1815 855 1862 hendo
877 1814 1083 1862 radicem
1107 1814 1452 1877 tripartientem
1477 1816 1501 1862 ὸ
1526 1820 1570 1871 8,
1607 1823 1660 1862 ut
1689 1815 1805 1863 fiant
1833 1820 1878 1871 2,
1913 1814 2051 1862 radix
2075 1814 2422 1878 sextupartiens

699 1902 906 1964 quaesita.

576 2078 646 2124 Ex
680 2078 928 2140 praemissis
963 2077 1201 2142 colligitur
1235 2078 1455 2126 radicalis
1488 2078 1911 2143 multiplicationis,
1947 2077 2231 2142 partitioniS,
2265 2084 2313 2125 et
2344 2094 2419 2125 ex-

510 2164 746 2212 tractionis
776 2164 995 2228 singulas,
1029 2166 1123 2212 duo
1145 2165 1319 2213 habere
1343 2166 1593 2225 examina3
1631 2166 1860 2213 nimirum
1889 2164 2222 2228 multiplicatio
2252 2165 2419 2228 proba-

510 2261 585 2298 tur
615 2251 684 2298 vel
714 2251 964 2314 partitione
993 2252 1067 2300 vel
1097 2253 1386 2300 extract-ione
1407 2273 1419 2312 ;
1458 2253 1653 2316 partitio
1674 2254 1904 2317 probatur
1926 2253 2002 2300 vel
2022 2251 2418 2316 multiplicatione

510 2338 579 2384 vel
602 2339 887 2386 extractione
908 2359 921 2397 3
958 2340 1199 2396 extractio,
1227 2340 1299 2387 vel
1321 2340 1714 2404 multiplicatione
1736 2341 1810 2389 vel
1832 2340 2102 2404 partitione.

767 2425 835 2473 Ut
857 2425 906 2472 in
930 2426 1166 2489 superiore
1190 2428 1402 2491 exemplo
1424 2428 1626 2476 radicati
1649 2432 1728 2485 32,
1758 2428 1929 2475 indicis
1953 2434 1998 2484 5,
2029 2435 2076 2475 et
2099 2427 2274 2475 radicis
2299 2433 2344 2483 2,
2379 2428 2417 2474 si

703 2511 886 2558 dubites
916 2528 976 2559 an
1005 2516 1067 2560 32
1098 2513 1193 2560 sint
1222 2514 1619 2578 quintuplicatum
1641 2515 1831 2572 binarii,
1856 2515 2130 2562 radicaliter
2150 2515 2330 2578 partire
2354 2519 2417 2561 32

703 2614 786 2660 per
819 2604 850 2645 2
883 2606 930 2646 et
963 2598 1139 2648 incides
1172 2599 1222 2647 in
1256 2607 1302 2657 5,
1338 2602 1543 2650 indicem
1565 2603 1853 2667 pristinum3
1890 2603 1966 2650 vel
1988 2602 2184 2651 extrahe
2207 2603 2416 2650 radicem

703 2683 1148 2747 quintupartientem
1182 2692 1244 2734 32
1278 2695 1325 2735 et
1357 2688 1536 2737 incides
1566 2690 1617 2737 in
1648 2695 1694 2747 2,
1723 2690 1976 2754 pristinam
2006 2690 2251 2749 radicem3
2289 2691 2416 2738 unde

705 2771 918 2835 arguitur
950 2778 1013 2820 32
1047 2790 1144 2822 esse
1178 2776 1440 2824 radicatum
1473 2795 1668 2826 verum:
1709 2779 1833 2826 Item
1867 2778 1908 2826 si
1943 2778 2131 2826 dubit-es
2166 2795 2227 2825 an
2259 2783 2290 2824 2
2322 2777 2416 2824 sint

704 2858 853 2915 radix,
878 2875 963 2923 per
983 2877 1086 2908 eam
1108 2861 1264 2910 divide
1287 2863 1557 2912 radicaliter
1579 2870 1657 2921 32,
1684 2873 1731 2913 et
1753 2865 1934 2914 incides
1956 2865 2008 2913 in
2030 2864 2237 2912 indicem
2260 2871 2306 2920 5,
2333 2872 2415 2911 aut

703 2945 903 2993 eundem
935 2946 1171 2995 binarium
1205 2949 1559 3014 quintuplicato,
1597 2960 1644 2999 et
1677 2952 1857 3000 incides
1891 2953 1942 3000 in
1977 2957 2074 3000 32ι
2111 2951 2336 3014 Denique
2361 2960 2414 2998 ut

705 3033 929 3095 probetur
950 3049 1011 3081 an
1034 3041 1065 3081 5
1089 3034 1182 3082 sint
1204 3053 1340 3083 verus
1368 3037 1525 3095 index,
1563 3039 1759 3087 extrahe
1792 3039 2002 3088 radicem
2036 3039 2413 3103 quintupartien-

704 3126 797 3165 tem
820 3120 845 3167 ὂ
867 3124 945 3177 32,
982 3128 1029 3169 et
1057 3120 1234 3170 incides
1263 3123 1315 3171 in
1344 3130 1391 3181 2,
1427 3134 1509 3174 aut
1530 3128 1801 3177 radicaliter
1824 3129 2169 3193 quintuplicato
2192 3135 2238 3184 2,
2275 3136 2321 3176 et
2344 3129 2412 3175 in-

706 3205 830 3253 cides
853 3206 902 3254 in
924 3211 1003 3256 32.

2875 3551 2878 3586 ...
2871 3306 2878 3533 -μῌ--Δ.-.μ
2875 3225 2878 3252 4-
2876 3201 2878 3206 .
