<?xml version="1.0" encoding="UTF-8"?>
<!DOCTYPE html PUBLIC "-//W3C//DTD XHTML 1.0 Transitional//EN"
    "http://www.w3.org/TR/xhtml1/DTD/xhtml1-transitional.dtd">
<html xmlns="http://www.w3.org/1999/xhtml" xml:lang="en" lang="en">
 <head>
  <title>
</title>
<meta http-equiv="Content-Type" content="text/html;charset=utf-8" />
  <meta name='ocr-system' content='tesseract 3.04.00' />
  <meta name='ocr-capabilities' content='ocr_page ocr_carea ocr_par ocr_line ocrx_word'/>
</head>
<body>
  <div class='ocr_page' id='page_1' title='image "./deartelogistic6200napiuoft_0188.png"; bbox 0 0 2878 3900; ppageno 0'>
   <div class='ocr_carea' id='block_1_1' title="bbox 472 557 1777 617">
    <p class='ocr_par' dir='ltr' id='par_1_1' title="bbox 472 557 1777 617">
     <span class='ocr_line' id='line_1_1' title="bbox 472 557 1777 617; baseline -0.015 0"><span class='ocrx_word' id='word_1_1' title='bbox 472 576 525 617; x_wconf 88' lang='grc'>66</span> <span class='ocrx_word' id='word_1_2' title='bbox 1069 566 1156 610; x_wconf 88' lang='lat' dir='ltr'>DE</span> <span class='ocrx_word' id='word_1_3' title='bbox 1191 562 1363 608; x_wconf 80' lang='lat' dir='ltr'>ARTE</span> <span class='ocrx_word' id='word_1_4' title='bbox 1397 557 1777 603; x_wconf 81' lang='lat' dir='ltr'><strong>LOGISTICA.</strong></span> 
     </span>
    </p>
   </div>
   <div class='ocr_carea' id='block_1_2' title="bbox 671 698 2403 859">
    <p class='ocr_par' dir='ltr' id='par_1_2' title="bbox 671 698 2403 859">
     <span class='ocr_line' id='line_1_2' title="bbox 671 698 2403 780; baseline -0.012 -14"><span class='ocrx_word' id='word_1_5' title='bbox 671 714 942 780; x_wconf 69' lang='lat' dir='ltr'><strong>partiantur</strong></span> <span class='ocrx_word' id='word_1_6' title='bbox 969 719 1047 769; x_wconf 83' lang='lat'>50,</span> <span class='ocrx_word' id='word_1_7' title='bbox 1080 718 1129 759; x_wconf 86' lang='lat' dir='ltr'>et</span> <span class='ocrx_word' id='word_1_8' title='bbox 1157 716 1204 764; x_wconf 88' lang='lat'>5,</span> <span class='ocrx_word' id='word_1_9' title='bbox 1235 722 1321 771; x_wconf 89' lang='lat' dir='ltr'>per</span> <span class='ocrx_word' id='word_1_10' title='bbox 1349 711 1396 760; x_wconf 87' lang='lat'>5,</span> <span class='ocrx_word' id='word_1_11' title='bbox 1427 711 1477 751; x_wconf 89' lang='lat' dir='ltr'>et</span> <span class='ocrx_word' id='word_1_12' title='bbox 1505 703 1621 751; x_wconf 88' lang='lat' dir='ltr'>fient</span> <span class='ocrx_word' id='word_1_13' title='bbox 1651 700 1870 766; x_wconf 90' lang='lat' dir='ltr'>superius</span> <span class='ocrx_word' id='word_1_14' title='bbox 1903 705 1978 757; x_wconf 91' lang='lat'>10,</span> <span class='ocrx_word' id='word_1_15' title='bbox 2010 698 2211 748; x_wconf 84' lang='lat' dir='ltr'>inferius</span> <span class='ocrx_word' id='word_1_16' title='bbox 2241 705 2281 755; x_wconf 94' lang='lat'>1,</span> <span class='ocrx_word' id='word_1_17' title='bbox 2314 698 2403 746; x_wconf 88' lang='lat' dir='ltr'>hoc</span> 
     </span>
     <span class='ocr_line' id='line_1_3' title="bbox 672 786 2401 859; baseline -0.009 -9"><span class='ocrx_word' id='word_1_18' title='bbox 672 802 782 859; x_wconf 83' lang='lat' dir='ltr'>situ,</span> <span class='ocrx_word' id='word_1_19' title='bbox 800 801 1113 855; x_wconf 41' lang='grc' dir='ltr'>,ψιλά-ὴ</span> <span class='ocrx_word' id='word_1_20' title='bbox 1150 794 1322 843; x_wconf 88' lang='lat' dir='ltr'>deinde</span> <span class='ocrx_word' id='word_1_21' title='bbox 1338 790 1612 857; x_wconf 87' lang='lat' dir='ltr'>partiantur</span> <span class='ocrx_word' id='word_1_22' title='bbox 1633 796 1695 838; x_wconf 90' lang='lat'>10</span> <span class='ocrx_word' id='word_1_23' title='bbox 1710 788 1972 854; x_wconf 82' lang='lat' dir='ltr'>superiora,</span> <span class='ocrx_word' id='word_1_24' title='bbox 1999 795 2047 836; x_wconf 90' lang='lat' dir='ltr'>et</span> <span class='ocrx_word' id='word_1_25' title='bbox 2071 792 2136 836; x_wconf 71' lang='lat'>⁶24·</span> <span class='ocrx_word' id='word_1_26' title='bbox 2158 786 2401 842; x_wconf 88' lang='lat' dir='ltr'>inferiora,</span> 
     </span>
    </p>
   </div>
   <div class='ocr_carea' id='block_1_3' title="bbox 671 845 2402 956">
    <p class='ocr_par' dir='ltr' id='par_1_3' title="bbox 671 845 2402 956">
     <span class='ocr_line' id='line_1_4' title="bbox 671 845 2402 956; baseline -0.01 -16"><span class='ocrx_word' id='word_1_27' title='bbox 671 908 755 956; x_wconf 87' lang='lat' dir='ltr'>per</span> <span class='ocrx_word' id='word_1_28' title='bbox 786 845 1213 939; x_wconf 53' lang='lat' dir='ltr'>silubiqinaximum</span> <span class='ocrx_word' id='word_1_29' title='bbox 1247 896 1546 929; x_wconf 89' lang='lat' dir='ltr'>communem</span> <span class='ocrx_word' id='word_1_30' title='bbox 1581 878 1837 926; x_wconf 79' lang='lat' dir='ltr'><strong>divisorem</strong></span> <span class='ocrx_word' id='word_1_31' title='bbox 1872 882 1918 934; x_wconf 69' lang='lat' dir='ltr'>Q,</span> <span class='ocrx_word' id='word_1_32' title='bbox 1955 884 2003 925; x_wconf 91' lang='lat' dir='ltr'>et</span> <span class='ocrx_word' id='word_1_33' title='bbox 2033 877 2151 924; x_wconf 86' lang='lat' dir='ltr'>fient</span> <span class='ocrx_word' id='word_1_34' title='bbox 2179 882 2210 924; x_wconf 89' lang='lat'><em>5</em></span> <span class='ocrx_word' id='word_1_35' title='bbox 2243 892 2402 939; x_wconf 89' lang='lat' dir='ltr'>supra,</span> 
     </span>
    </p>
   </div>
   <div class='ocr_carea' id='block_1_4' title="bbox 666 963 2406 1740">
    <p class='ocr_par' dir='ltr' id='par_1_4' title="bbox 666 963 2406 1740">
     <span class='ocr_line' id='line_1_5' title="bbox 670 963 2406 1043; baseline -0.009 -16"><span class='ocrx_word' id='word_1_36' title='bbox 670 986 717 1027; x_wconf 86' lang='lat' dir='ltr'>et</span> <span class='ocrx_word' id='word_1_37' title='bbox 748 982 807 1026; x_wconf 74' lang='lat'>12</span> <span class='ocrx_word' id='word_1_38' title='bbox 829 975 966 1030; x_wconf 79' lang='lat' dir='ltr'>infra,</span> <span class='ocrx_word' id='word_1_39' title='bbox 992 972 1082 1020; x_wconf 92' lang='lat' dir='ltr'>hoc</span> <span class='ocrx_word' id='word_1_40' title='bbox 1104 970 1213 1026; x_wconf 88' lang='lat' dir='ltr'>situ,</span> <span class='ocrx_word' id='word_1_41' title='bbox 1253 969 1569 1043; x_wconf 43' lang='lat' dir='ltr'>{ffi-j-QQ</span> <span class='ocrx_word' id='word_1_42' title='bbox 1607 967 1815 1023; x_wconf 90' lang='lat' dir='ltr'>tandem,</span> <span class='ocrx_word' id='word_1_43' title='bbox 1849 964 2123 1030; x_wconf 83' lang='lat' dir='ltr'><strong>partiantur</strong></span> <span class='ocrx_word' id='word_1_44' title='bbox 2157 963 2406 1028; x_wconf 82' lang='lat' dir='ltr'>superiora</span> 
     </span>
     <span class='ocr_line' id='line_1_6' title="bbox 671 1052 2404 1121; baseline -0.007 -8"><span class='ocrx_word' id='word_1_45' title='bbox 671 1071 747 1121; x_wconf 72' lang='lat'>42,</span> <span class='ocrx_word' id='word_1_46' title='bbox 789 1071 837 1112; x_wconf 88' lang='lat' dir='ltr'>et</span> <span class='ocrx_word' id='word_1_47' title='bbox 872 1060 1099 1110; x_wconf 84' lang='lat' dir='ltr'>inferiora</span> <span class='ocrx_word' id='word_1_48' title='bbox 1139 1063 1213 1114; x_wconf 67' lang='lat'>12,</span> <span class='ocrx_word' id='word_1_49' title='bbox 1251 1072 1338 1121; x_wconf 89' lang='lat' dir='ltr'>per</span> <span class='ocrx_word' id='word_1_50' title='bbox 1371 1056 1633 1104; x_wconf 88' lang='lat' dir='ltr'>eorundem</span> <span class='ocrx_word' id='word_1_51' title='bbox 1665 1054 1931 1104; x_wconf 86' lang='lat' dir='ltr'>maximum</span> <span class='ocrx_word' id='word_1_52' title='bbox 1967 1053 2226 1102; x_wconf 84' lang='lat' dir='ltr'>divisorem</span> <span class='ocrx_word' id='word_1_53' title='bbox 2267 1052 2312 1109; x_wconf 92' lang='lat'>6,</span> <span class='ocrx_word' id='word_1_54' title='bbox 2357 1060 2404 1101; x_wconf 91' lang='lat' dir='ltr'>et</span> 
     </span>
     <span class='ocr_line' id='line_1_7' title="bbox 670 1142 2404 1220; baseline -0.006 -20"><span class='ocrx_word' id='word_1_55' title='bbox 670 1153 783 1200; x_wconf 86' lang='lat' dir='ltr'>fient</span> <span class='ocrx_word' id='word_1_56' title='bbox 816 1158 847 1208; x_wconf 95' lang='lat'><strong>7</strong></span> <span class='ocrx_word' id='word_1_57' title='bbox 881 1148 1115 1214; x_wconf 77' lang='lat' dir='ltr'>superiuS,</span> <span class='ocrx_word' id='word_1_58' title='bbox 1152 1154 1201 1195; x_wconf 90' lang='lat' dir='ltr'>et</span> <span class='ocrx_word' id='word_1_59' title='bbox 1234 1150 1266 1193; x_wconf 69' lang='lat'><strong>2</strong></span> <span class='ocrx_word' id='word_1_60' title='bbox 1300 1143 1515 1201; x_wconf 87' lang='lat' dir='ltr'>inferius,</span> <span class='ocrx_word' id='word_1_61' title='bbox 1551 1144 1643 1193; x_wconf 92' lang='lat' dir='ltr'>hoc</span> <span class='ocrx_word' id='word_1_62' title='bbox 1675 1144 1787 1201; x_wconf 91' lang='lat' dir='ltr'>situ,</span> <span class='ocrx_word' id='word_1_63' title='bbox 1834 1144 2071 1220; x_wconf 37' lang='lat'>[²3:227.</span> <span class='ocrx_word' id='word_1_64' title='bbox 2144 1143 2269 1191; x_wconf 90' lang='lat' dir='ltr'>Ecce</span> <span class='ocrx_word' id='word_1_65' title='bbox 2302 1142 2404 1206; x_wconf 91' lang='lat' dir='ltr'>jam</span> 
     </span>
     <span class='ocr_line' id='line_1_8' title="bbox 668 1232 2401 1295; baseline -0.006 -6"><span class='ocrx_word' id='word_1_66' title='bbox 668 1241 812 1289; x_wconf 85' lang='lat' dir='ltr'>habes</span> <span class='ocrx_word' id='word_1_67' title='bbox 841 1236 1098 1287; x_wconf 77' lang='lat' dir='ltr'>familiares</span> <span class='ocrx_word' id='word_1_68' title='bbox 1127 1243 1176 1283; x_wconf 90' lang='lat' dir='ltr'>et</span> <span class='ocrx_word' id='word_1_69' title='bbox 1206 1232 1478 1282; x_wconf 83' lang='lat' dir='ltr'>tractabiles</span> <span class='ocrx_word' id='word_1_70' title='bbox 1501 1250 1724 1281; x_wconf 89' lang='lat' dir='ltr'>numeros</span> <span class='ocrx_word' id='word_1_71' title='bbox 1751 1238 1794 1290; x_wconf 91' lang='grc'><strong>1,</strong></span> <span class='ocrx_word' id='word_1_72' title='bbox 1820 1238 1867 1289; x_wconf 89' lang='grc'>3,</span> <span class='ocrx_word' id='word_1_73' title='bbox 1891 1239 1939 1289; x_wconf 90' lang='grc'>5,</span> <span class='ocrx_word' id='word_1_74' title='bbox 1965 1239 2012 1290; x_wconf 93' lang='grc'>7,</span> <span class='ocrx_word' id='word_1_75' title='bbox 2040 1239 2185 1295; x_wconf 89' lang='lat' dir='ltr'>atque</span> <span class='ocrx_word' id='word_1_76' title='bbox 2213 1237 2254 1288; x_wconf 94' lang='lat'>1,</span> <span class='ocrx_word' id='word_1_77' title='bbox 2286 1237 2328 1287; x_wconf 91' lang='lat'>1,</span> <span class='ocrx_word' id='word_1_78' title='bbox 2355 1236 2401 1286; x_wconf 63' lang='grc' dir='ltr'>Ξ,</span> 
     </span>
     <span class='ocr_line' id='line_1_9' title="bbox 667 1320 2403 1389; baseline -0.005 -13"><span class='ocrx_word' id='word_1_79' title='bbox 667 1327 866 1375; x_wconf 90' lang='lat' dir='ltr'>invicem</span> <span class='ocrx_word' id='word_1_80' title='bbox 888 1323 1289 1389; x_wconf 87' lang='lat' dir='ltr'>multiplicandos,</span> <span class='ocrx_word' id='word_1_81' title='bbox 1315 1338 1404 1386; x_wconf 92' lang='lat' dir='ltr'>pro</span> <span class='ocrx_word' id='word_1_82' title='bbox 1425 1321 1701 1385; x_wconf 87' lang='lat' dir='ltr'>majusculis</span> <span class='ocrx_word' id='word_1_83' title='bbox 1722 1321 1934 1369; x_wconf 89' lang='lat' dir='ltr'>numeris</span> <span class='ocrx_word' id='word_1_84' title='bbox 1957 1320 2145 1370; x_wconf 87' lang='lat' dir='ltr'>oblatis.</span> <span class='ocrx_word' id='word_1_85' title='bbox 2207 1320 2403 1368; x_wconf 89' lang='lat' dir='ltr'>Ducan-</span> 
     </span>
     <span class='ocr_line' id='line_1_10' title="bbox 670 1408 2403 1478; baseline -0.004 -15"><span class='ocrx_word' id='word_1_86' title='bbox 670 1424 747 1463; x_wconf 89' lang='lat' dir='ltr'>tur</span> <span class='ocrx_word' id='word_1_87' title='bbox 776 1431 889 1478; x_wconf 88' lang='lat' dir='ltr'>ergo</span> <span class='ocrx_word' id='word_1_88' title='bbox 918 1412 1121 1461; x_wconf 89' lang='lat' dir='ltr'>invicem</span> <span class='ocrx_word' id='word_1_89' title='bbox 1156 1417 1197 1467; x_wconf 94' lang='lat'>1,</span> <span class='ocrx_word' id='word_1_90' title='bbox 1231 1414 1276 1467; x_wconf 84' lang='lat'>3,</span> <span class='ocrx_word' id='word_1_91' title='bbox 1311 1416 1357 1466; x_wconf 90' lang='grc'>5,</span> <span class='ocrx_word' id='word_1_92' title='bbox 1390 1417 1436 1467; x_wconf 95' lang='grc'>7,</span> <span class='ocrx_word' id='word_1_93' title='bbox 1475 1417 1523 1458; x_wconf 92' lang='lat' dir='ltr'>et</span> <span class='ocrx_word' id='word_1_94' title='bbox 1552 1410 1668 1458; x_wconf 90' lang='lat' dir='ltr'>fient</span> <span class='ocrx_word' id='word_1_95' title='bbox 1703 1415 1829 1468; x_wconf 90' lang='lat'>105;</span> <span class='ocrx_word' id='word_1_96' title='bbox 1873 1409 2114 1458; x_wconf 83' lang='lat' dir='ltr'>ducantur</span> <span class='ocrx_word' id='word_1_97' title='bbox 2142 1408 2258 1457; x_wconf 90' lang='lat' dir='ltr'>item</span> <span class='ocrx_word' id='word_1_98' title='bbox 2288 1408 2403 1456; x_wconf 88' lang='lat' dir='ltr'>infe-</span> 
     </span>
     <span class='ocr_line' id='line_1_11' title="bbox 667 1497 2404 1562; baseline -0.003 -12"><span class='ocrx_word' id='word_1_99' title='bbox 667 1502 792 1551; x_wconf 87' lang='lat' dir='ltr'>riora</span> <span class='ocrx_word' id='word_1_100' title='bbox 828 1506 869 1557; x_wconf 94' lang='lat'>1,</span> <span class='ocrx_word' id='word_1_101' title='bbox 908 1505 948 1556; x_wconf 91' lang='lat' dir='ltr'>l,</span> <span class='ocrx_word' id='word_1_102' title='bbox 982 1504 1028 1556; x_wconf 73' lang='lat'>2,</span> <span class='ocrx_word' id='word_1_103' title='bbox 1062 1497 1281 1555; x_wconf 87' lang='lat' dir='ltr'>invicem,</span> <span class='ocrx_word' id='word_1_104' title='bbox 1319 1506 1367 1547; x_wconf 90' lang='lat' dir='ltr'>et</span> <span class='ocrx_word' id='word_1_105' title='bbox 1400 1499 1515 1547; x_wconf 88' lang='lat' dir='ltr'>fient</span> <span class='ocrx_word' id='word_1_106' title='bbox 1546 1503 1610 1558; x_wconf 75' lang='lat'>‘23</span> <span class='ocrx_word' id='word_1_107' title='bbox 1650 1515 1737 1562; x_wconf 89' lang='lat' dir='ltr'>per</span> <span class='ocrx_word' id='word_1_108' title='bbox 1770 1515 1877 1562; x_wconf 90' lang='lat' dir='ltr'>quae</span> <span class='ocrx_word' id='word_1_109' title='bbox 1912 1497 2185 1562; x_wconf 87' lang='lat' dir='ltr'>partiantur</span> <span class='ocrx_word' id='word_1_110' title='bbox 2212 1503 2320 1553; x_wconf 89' lang='lat'>105,</span> <span class='ocrx_word' id='word_1_111' title='bbox 2357 1505 2404 1544; x_wconf 90' lang='lat' dir='ltr'>et</span> 
     </span>
     <span class='ocr_line' id='line_1_12' title="bbox 666 1585 2400 1654; baseline -0.001 -18"><span class='ocrx_word' id='word_1_112' title='bbox 666 1588 908 1654; x_wconf 88' lang='lat' dir='ltr'>proveniet</span> <span class='ocrx_word' id='word_1_113' title='bbox 947 1594 1120 1651; x_wconf 89' lang='lat' dir='ltr'>quotus</span> <span class='ocrx_word' id='word_1_114' title='bbox 1158 1587 1272 1652; x_wconf 36' lang='lat'>52&amp;</span> <span class='ocrx_word' id='word_1_115' title='bbox 1311 1604 1538 1635; x_wconf 89' lang='lat' dir='ltr'>numerus</span> <span class='ocrx_word' id='word_1_116' title='bbox 1574 1586 1761 1634; x_wconf 87' lang='lat' dir='ltr'>dierum</span> <span class='ocrx_word' id='word_1_117' title='bbox 1798 1585 2051 1650; x_wconf 87' lang='lat' dir='ltr'>quaestioni</span> <span class='ocrx_word' id='word_1_118' title='bbox 2091 1585 2400 1643; x_wconf 85' lang='lat' dir='ltr'>satisfaciens,</span> 
     </span>
     <span class='ocr_line' id='line_1_13' title="bbox 666 1674 2402 1740; baseline -0.001 -16"><span class='ocrx_word' id='word_1_119' title='bbox 666 1678 841 1740; x_wconf 83' lang='lat' dir='ltr'>absque</span> <span class='ocrx_word' id='word_1_120' title='bbox 885 1674 1072 1739; x_wconf 79' lang='lat' dir='ltr'>mag-nis</span> <span class='ocrx_word' id='word_1_121' title='bbox 1118 1682 1202 1723; x_wconf 87' lang='lat' dir='ltr'>aut</span> <span class='ocrx_word' id='word_1_122' title='bbox 1246 1674 1496 1723; x_wconf 88' lang='lat' dir='ltr'>laboriosis</span> <span class='ocrx_word' id='word_1_123' title='bbox 1540 1674 2020 1739; x_wconf 86' lang='lat' dir='ltr'>multiplicationibus</span> <span class='ocrx_word' id='word_1_124' title='bbox 2066 1682 2114 1723; x_wconf 88' lang='lat' dir='ltr'>et</span> <span class='ocrx_word' id='word_1_125' title='bbox 2153 1674 2402 1723; x_wconf 82' lang='lat' dir='ltr'>divisionis</span> 
     </span>
    </p>
   </div>
   <div class='ocr_carea' id='block_1_5' title="bbox 1825 1177 2055 1187">
    <p class='ocr_par' dir='ltr' id='par_1_5' title="bbox 1825 1177 2055 1187">
     <span class='ocr_line' id='line_1_14' title="bbox 1825 1177 2055 1187; baseline 0 0"><span class='ocrx_word' id='word_1_126' title='bbox 1825 1177 2055 1187; x_wconf 95' lang='lat' dir='ltr'> </span> 
     </span>
    </p>
   </div>
   <div class='ocr_carea' id='block_1_6' title="bbox 666 1763 898 1829">
    <p class='ocr_par' dir='ltr' id='par_1_6' title="bbox 666 1763 898 1829">
     <span class='ocr_line' id='line_1_15' title="bbox 666 1763 898 1829; baseline -0.013 -16"><span class='ocrx_word' id='word_1_127' title='bbox 666 1763 898 1829; x_wconf 89' lang='lat' dir='ltr'>operibus.</span> 
     </span>
    </p>
   </div>
   <div class='ocr_carea' id='block_1_7' title="bbox 469 1937 2402 2693">
    <p class='ocr_par' dir='ltr' id='par_1_7' title="bbox 539 1937 2399 2005">
     <span class='ocr_line' id='line_1_16' title="bbox 539 1937 2399 2005; baseline 0 -15"><span class='ocrx_word' id='word_1_128' title='bbox 539 1942 658 1990; x_wconf 83' lang='lat' dir='ltr'>Haec</span> <span class='ocrx_word' id='word_1_129' title='bbox 683 1939 1039 2005; x_wconf 87' lang='lat' dir='ltr'>proportionum</span> <span class='ocrx_word' id='word_1_130' title='bbox 1066 1937 1234 2003; x_wconf 86' lang='lat' dir='ltr'>regula</span> <span class='ocrx_word' id='word_1_131' title='bbox 1260 1938 1490 2002; x_wconf 87' lang='lat' dir='ltr'>plurimas</span> <span class='ocrx_word' id='word_1_132' title='bbox 1521 1939 1667 1988; x_wconf 90' lang='lat' dir='ltr'>habet</span> <span class='ocrx_word' id='word_1_133' title='bbox 1698 1940 1866 1989; x_wconf 87' lang='lat' dir='ltr'>tacitas</span> <span class='ocrx_word' id='word_1_134' title='bbox 1895 1948 1944 1989; x_wconf 89' lang='lat' dir='ltr'>et</span> <span class='ocrx_word' id='word_1_135' title='bbox 1972 1941 2174 1990; x_wconf 84' lang='lat' dir='ltr'>latentes</span> <span class='ocrx_word' id='word_1_136' title='bbox 2204 1941 2399 2005; x_wconf 89' lang='lat' dir='ltr'>species,</span> 
     </span>
    </p>

    <p class='ocr_par' dir='ltr' id='par_1_8' title="bbox 469 2026 2402 2693">
     <span class='ocr_line' id='line_1_17' title="bbox 470 2026 2402 2094; baseline 0.001 -18"><span class='ocrx_word' id='word_1_137' title='bbox 470 2047 562 2076; x_wconf 90' lang='lat' dir='ltr'>non</span> <span class='ocrx_word' id='word_1_138' title='bbox 590 2029 907 2094; x_wconf 72' lang='lat' dir='ltr'>negligendas,</span> <span class='ocrx_word' id='word_1_139' title='bbox 947 2044 1053 2092; x_wconf 85' lang='lat' dir='ltr'>quae</span> <span class='ocrx_word' id='word_1_140' title='bbox 1081 2026 1312 2075; x_wconf 88' lang='lat' dir='ltr'>beneficio</span> <span class='ocrx_word' id='word_1_141' title='bbox 1342 2026 1488 2075; x_wconf 90' lang='lat' dir='ltr'>etiam</span> <span class='ocrx_word' id='word_1_142' title='bbox 1520 2027 1663 2091; x_wconf 91' lang='lat' dir='ltr'>hujus</span> <span class='ocrx_word' id='word_1_143' title='bbox 1695 2028 1968 2093; x_wconf 87' lang='lat' dir='ltr'>compendii</span> <span class='ocrx_word' id='word_1_144' title='bbox 1994 2029 2234 2086; x_wconf 88' lang='lat' dir='ltr'>fruuntur,</span> <span class='ocrx_word' id='word_1_145' title='bbox 2268 2037 2316 2078; x_wconf 90' lang='lat' dir='ltr'>et</span> <span class='ocrx_word' id='word_1_146' title='bbox 2346 2047 2402 2078; x_wconf 92' lang='lat' dir='ltr'>eo</span> 
     </span>
     <span class='ocr_line' id='line_1_18' title="bbox 469 2117 1610 2181; baseline 0.011 -18"><span class='ocrx_word' id='word_1_147' title='bbox 469 2117 796 2181; x_wconf 78' lang='lat' dir='ltr'>expediuntur.</span> <span class='ocrx_word' id='word_1_148' title='bbox 1114 2167 1118 2170; x_wconf 83' lang='lat'><strong>.</strong></span> <span class='ocrx_word' id='word_1_149' title='bbox 1605 2134 1610 2138; x_wconf 85' lang='grc'><em>“</em></span> 
     </span>
     <span class='ocr_line' id='line_1_19' title="bbox 727 2204 2400 2271; baseline 0 -16"><span class='ocrx_word' id='word_1_150' title='bbox 727 2206 798 2255; x_wconf 91' lang='lat' dir='ltr'>Ut</span> <span class='ocrx_word' id='word_1_151' title='bbox 814 2205 980 2270; x_wconf 82' lang='lat' dir='ltr'>regula</span> <span class='ocrx_word' id='word_1_152' title='bbox 995 2204 1255 2253; x_wconf 91' lang='lat' dir='ltr'>reducendi</span> <span class='ocrx_word' id='word_1_153' title='bbox 1273 2205 1528 2254; x_wconf 85' lang='lat' dir='ltr'>fractiones</span> <span class='ocrx_word' id='word_1_154' title='bbox 1546 2205 1848 2264; x_wconf 83' lang='lat' dir='ltr'>fractionum,</span> <span class='ocrx_word' id='word_1_155' title='bbox 1869 2206 2044 2256; x_wconf 87' lang='lat' dir='ltr'>iterum</span> <span class='ocrx_word' id='word_1_156' title='bbox 2063 2214 2208 2271; x_wconf 88' lang='lat' dir='ltr'>atque</span> <span class='ocrx_word' id='word_1_157' title='bbox 2225 2207 2400 2255; x_wconf 89' lang='lat' dir='ltr'>iterum</span> 
     </span>
     <span class='ocr_line' id='line_1_20' title="bbox 662 2293 2399 2360; baseline 0.002 -20"><span class='ocrx_word' id='word_1_158' title='bbox 662 2294 916 2342; x_wconf 69' lang='lat' dir='ltr'>stactarum</span> <span class='ocrx_word' id='word_1_159' title='bbox 940 2294 1023 2356; x_wconf 89' lang='lat' dir='ltr'>(de</span> <span class='ocrx_word' id='word_1_160' title='bbox 1047 2294 1140 2357; x_wconf 69' lang='lat' dir='ltr'>qua</span> <span class='ocrx_word' id='word_1_161' title='bbox 1160 2293 1450 2357; x_wconf 87' lang='lat' dir='ltr'>generaliter</span> <span class='ocrx_word' id='word_1_162' title='bbox 1472 2293 1705 2358; x_wconf 88' lang='lat' dir='ltr'>superius,</span> <span class='ocrx_word' id='word_1_163' title='bbox 1736 2303 1784 2343; x_wconf 90' lang='lat' dir='ltr'>et</span> <span class='ocrx_word' id='word_1_164' title='bbox 1813 2295 2169 2360; x_wconf 86' lang='lat' dir='ltr'>particulariter</span> <span class='ocrx_word' id='word_1_165' title='bbox 2199 2295 2399 2344; x_wconf 84' lang='lat' dir='ltr'>inferius</span> 
     </span>
     <span class='ocr_line' id='line_1_21' title="bbox 662 2380 2399 2448; baseline 0.003 -21"><span class='ocrx_word' id='word_1_166' title='bbox 662 2381 979 2445; x_wconf 88' lang='lat' dir='ltr'>tractabitur),</span> <span class='ocrx_word' id='word_1_167' title='bbox 1005 2388 1076 2429; x_wconf 91' lang='lat' dir='ltr'>est</span> <span class='ocrx_word' id='word_1_168' title='bbox 1099 2380 1277 2445; x_wconf 89' lang='lat' dir='ltr'>species</span> <span class='ocrx_word' id='word_1_169' title='bbox 1301 2380 1444 2445; x_wconf 88' lang='lat' dir='ltr'>hujus</span> <span class='ocrx_word' id='word_1_170' title='bbox 1468 2381 1647 2446; x_wconf 86' lang='lat' dir='ltr'>regulae</span> <span class='ocrx_word' id='word_1_171' title='bbox 1670 2383 2007 2448; x_wconf 90' lang='lat' dir='ltr'>proportionis,</span> <span class='ocrx_word' id='word_1_172' title='bbox 2038 2402 2098 2433; x_wconf 81' lang='lat' dir='ltr'>ex</span> <span class='ocrx_word' id='word_1_173' title='bbox 2121 2383 2399 2433; x_wconf 89' lang='lat' dir='ltr'>definitione</span> 
     </span>
     <span class='ocr_line' id='line_1_22' title="bbox 663 2469 2394 2537; baseline 0.002 -21"><span class='ocrx_word' id='word_1_174' title='bbox 663 2469 838 2533; x_wconf 83' lang='lat' dir='ltr'>regulae</span> <span class='ocrx_word' id='word_1_175' title='bbox 876 2469 1209 2533; x_wconf 88' lang='lat' dir='ltr'>proportionis.</span> <span class='ocrx_word' id='word_1_176' title='bbox 1281 2469 1426 2519; x_wconf 90' lang='lat' dir='ltr'>Unde</span> <span class='ocrx_word' id='word_1_177' title='bbox 1466 2471 1633 2518; x_wconf 90' lang='lat' dir='ltr'>eodem</span> <span class='ocrx_word' id='word_1_178' title='bbox 1674 2472 1956 2536; x_wconf 90' lang='lat' dir='ltr'>compendio</span> <span class='ocrx_word' id='word_1_179' title='bbox 1994 2472 2093 2529; x_wconf 81' lang='lat' dir='ltr'>illa,</span> <span class='ocrx_word' id='word_1_180' title='bbox 2142 2490 2238 2537; x_wconf 93' lang='lat' dir='ltr'>quo</span> <span class='ocrx_word' id='word_1_181' title='bbox 2277 2471 2394 2529; x_wconf 87' lang='lat' dir='ltr'>haec,</span> 
     </span>
     <span class='ocr_line' id='line_1_23' title="bbox 663 2556 2397 2623; baseline 0.002 -20"><span class='ocrx_word' id='word_1_182' title='bbox 663 2556 977 2614; x_wconf 87' lang='lat' dir='ltr'>abbreviatur,</span> <span class='ocrx_word' id='word_1_183' title='bbox 1024 2564 1077 2605; x_wconf 87' lang='lat' dir='ltr'>ut</span> <span class='ocrx_word' id='word_1_184' title='bbox 1116 2557 1167 2604; x_wconf 92' lang='lat' dir='ltr'>in</span> <span class='ocrx_word' id='word_1_185' title='bbox 1205 2557 1434 2622; x_wconf 84' lang='lat' dir='ltr'>exemplis</span> <span class='ocrx_word' id='word_1_186' title='bbox 1475 2575 1578 2623; x_wconf 91' lang='lat' dir='ltr'>cap.</span> <span class='ocrx_word' id='word_1_187' title='bbox 1622 2564 1651 2606; x_wconf 89' lang='grc'>8</span> <span class='ocrx_word' id='word_1_188' title='bbox 1700 2559 1810 2609; x_wconf 90' lang='lat' dir='ltr'>Lib.</span> <span class='ocrx_word' id='word_1_189' title='bbox 1855 2561 1896 2609; x_wconf 93' lang='grc' dir='ltr'>Ι.</span> <span class='ocrx_word' id='word_1_190' title='bbox 1939 2569 2181 2609; x_wconf 85' lang='lat' dir='ltr'>ostensum</span> <span class='ocrx_word' id='word_1_191' title='bbox 2220 2568 2306 2616; x_wconf 86' lang='lat' dir='ltr'>est,</span> <span class='ocrx_word' id='word_1_192' title='bbox 2350 2568 2397 2607; x_wconf 88' lang='lat' dir='ltr'>et</span> 
     </span>
     <span class='ocr_line' id='line_1_24' title="bbox 660 2643 1174 2693; baseline 0.006 -3"><span class='ocrx_word' id='word_1_193' title='bbox 660 2643 854 2692; x_wconf 88' lang='lat' dir='ltr'>inferius</span> <span class='ocrx_word' id='word_1_194' title='bbox 888 2645 1174 2693; x_wconf 87' lang='lat' dir='ltr'>ostendetur.</span> 
     </span>
    </p>
   </div>
   <div class='ocr_carea' id='block_1_8' title="bbox 467 2817 2391 2955">
    <p class='ocr_par' dir='ltr' id='par_1_9' title="bbox 467 2817 2391 2955">
     <span class='ocr_line' id='line_1_25' title="bbox 535 2817 2391 2889; baseline 0.004 -25"><span class='ocrx_word' id='word_1_195' title='bbox 535 2817 609 2864; x_wconf 92' lang='lat' dir='ltr'>De</span> <span class='ocrx_word' id='word_1_196' title='bbox 643 2818 935 2883; x_wconf 76' lang='lat' dir='ltr'>integ-rorum</span> <span class='ocrx_word' id='word_1_197' title='bbox 968 2836 1275 2869; x_wconf 90' lang='lat' dir='ltr'>numerorum</span> <span class='ocrx_word' id='word_1_198' title='bbox 1311 2821 1636 2872; x_wconf 72' lang='lat' dir='ltr'>Arithmetica</span> <span class='ocrx_word' id='word_1_199' title='bbox 1673 2824 1820 2884; x_wconf 88' lang='lat' dir='ltr'>satis;</span> <span class='ocrx_word' id='word_1_200' title='bbox 1866 2835 2080 2889; x_wconf 90' lang='lat' dir='ltr'>superest</span> <span class='ocrx_word' id='word_1_201' title='bbox 2118 2826 2391 2880; x_wconf 88' lang='lat' dir='ltr'>fractorum,</span> 
     </span>
     <span class='ocr_line' id='line_1_26' title="bbox 467 2905 876 2955; baseline 0.012 -5"><span class='ocrx_word' id='word_1_202' title='bbox 467 2922 547 2952; x_wconf 81' lang='lat' dir='ltr'>seu</span> <span class='ocrx_word' id='word_1_203' title='bbox 582 2905 876 2955; x_wconf 80' lang='lat' dir='ltr'>fractionum.</span> 
     </span>
    </p>
   </div>
  </div>
 </body>
</html>
