2878 3900
618 565 672 604 48
1230 554 1316 598 DE
1350 552 1525 597 ARTE
1557 549 1934 597 LOGISTICA.

622 724 729 756 cum
758 723 843 755 suo
872 720 1064 753 munere
1093 701 1235 749 etiam
1264 699 1490 761 fungatur
1513 694 1862 759 multiplicatio.
1935 694 1995 741 In
2018 693 2093 742 his
2117 701 2290 750 autem,
2316 693 2544 757 multipli-

621 794 743 843 catio
766 791 997 847 radicalis,
1025 805 1128 852 quoe
1152 787 1212 835 ab
1237 785 1417 833 unitate
1441 783 1491 830 in
1515 782 1798 838 radicatum,
1819 790 1902 830 aut
1924 781 2136 845 partitiO,
2160 798 2267 845 quae
2286 783 2313 829 a
2329 782 2545 830 radicato

622 883 670 929 in
705 880 930 929 unitatem
962 875 1153 942 praecise
1182 889 1276 920 non
1300 870 1483 927 incidit,
1517 870 1710 917 inutiles
1734 878 1858 919 sunt.
1931 869 2162 933 Arguunt
2184 869 2312 917 enim
2336 869 2543 918 oblatam

620 968 823 1016 radicem
847 982 940 1013 non
963 979 1062 1011 esse
1085 960 1340 1025 perfectam
1364 957 1573 1006 radicem
1597 957 1814 1007 radicati.

1337 1194 1612 1250 CAPUT
1669 1192 1804 1247 VII.

729 1356 803 1394 DE
834 1352 1214 1393 INVENIENDIS
1246 1352 1496 1392 REGULIS
1527 1351 2002 1390 EXTRACTIONUM
2037 1350 2425 1390 RADICALIUM.

684 1495 1101 1545 UNIUSCUJUSQUE
1156 1490 1333 1538 radicis
1386 1490 1582 1554 propria
1631 1497 1716 1545 est,
1775 1497 1821 1537 et
1878 1489 2197 1553 particularis,
2257 1489 2542 1537 extrahendi

610 1582 786 1646 regula.

678 1669 863 1732 Regula
896 1684 1094 1730 quaeque
1129 1665 1435 1713 extractionis
1471 1666 1688 1714 consistit
1722 1666 1773 1713 in
1808 1666 2095 1715 resolutione
2130 1665 2334 1713 radicati
2369 1667 2419 1712 in
2456 1683 2543 1713 sua

612 1757 946 1821 supplementa.
1525 1808 1538 1824 ·

675 1844 1061 1908 Supplementum
1085 1850 1168 1898 est,
1195 1841 1468 1890 differentia
1489 1842 1695 1890 duorum
1717 1841 2042 1892 radicatorum
2066 1842 2280 1906 ejusdem
2303 1842 2492 1905 speciei.

873 1930 940 1979 Ut
970 1930 1063 1977 sint
1094 1929 1310 1978 radicata
1337 1930 1551 1994 ejusdem
1581 1929 1757 1994 speciei
1783 1935 1879 1978 100
1908 1938 1955 1978 et
1982 1936 2109 1990 1443
2148 1929 2385 1985 videlicet,
2420 1930 2542 1977 illud

727 2056 739 2069 .
804 2018 1095 2083 duplicatum
1124 2024 1197 2074 10,
1236 2026 1282 2065 et
1312 2017 1403 2066 hoc
1434 2018 1731 2082 duplicatum
1759 2023 1853 2078 123
1892 2018 2166 2068 differentia
2188 2018 2540 2082 duplicatorum

806 2113 896 2155 100
919 2115 965 2154 et
994 2113 1085 2154 144
1116 2115 1186 2154 est
1219 2112 1297 2163 44,
1333 2123 1440 2169 quae
1472 2115 1583 2155 sunt
1613 2124 1777 2155 verum
1812 2107 2196 2171 supplementum
2230 2108 2540 2171 praefatorum

802 2194 1135 2243 radicatorum.

674 2373 1008 2436 Supplementa
1041 2389 1153 2436 ergo
1184 2372 1444 2428 variantur,
1484 2381 1626 2436 prout
1663 2373 1988 2421 radicatorum
2023 2382 2071 2423 et
2105 2374 2323 2422 radicum
2359 2373 2538 2437 species

610 2462 747 2509 variae
777 2461 964 2509 fuerint.
1036 2460 1152 2508 Alia
1185 2460 1312 2509 enim
1346 2469 1418 2509 est
1451 2461 1620 2526 regula
1651 2461 1929 2510 inveniendi
1963 2462 2294 2526 supplementa
2326 2462 2539 2525 duplica-

610 2549 762 2605 tionis,
799 2558 846 2597 et
879 2549 1183 2597 extractionis
1219 2549 1395 2598 radicis
1428 2549 1745 2613 bipartientis,
1778 2550 1875 2598 alia
1904 2550 2252 2614 triplicationis,
2282 2559 2329 2598 et
2358 2559 2538 2598 extrac-

609 2637 747 2685 tionis
771 2638 943 2685 radicis
972 2637 1299 2701 tripartientis,
1336 2637 1433 2686 alia
1462 2638 1937 2702 quadruplicationis‚
1972 2646 2019 2686 et
2049 2638 2357 2689 extractionis
2389 2640 2537 2701 quad-

608 2725 909 2789 rupartientis
933 2725 1106 2773 radicis
1126 2747 1140 2785 ;
1179 2733 1226 2773 et
1248 2725 1319 2773 ita
1339 2725 1634 2789 reliquarum
1657 2725 1883 2773 omnium.

677 2814 895 2875 Regulas,
923 2822 1095 2869 autem,
1122 2813 1396 2861 inveniendi
1420 2813 1631 2861 omnium
1660 2814 1983 2862 radicatorum
2017 2823 2065 2862 et
2098 2815 2315 2862 radicum
2350 2816 2535 2879 supple-

608 2910 778 2957 menta,
824 2902 960 2949 docet
999 2901 1046 2948 T
1048 2901 1203 2950 abella
1246 2909 1411 2949 nostra
1455 2901 1778 2966 triangularis,
1827 2903 1998 2950 areolis
2037 2903 2298 2967 hexagonis
2344 2904 2532 2961 referta,

609 2990 901 3036 dextrorsum
931 2988 1171 3052 inscriptis
1195 2989 1379 3037 unitate
1403 2989 1513 3045 sola,
1548 2988 1871 3038 sinistrorsum
1895 2992 2007 3039 vero
2029 2991 2241 3042 numeris
2265 2993 2326 3041 ab
2350 2992 2534 3041 unitate

611 3077 799 3124 unitatis
833 3077 1125 3125 incremento
1158 3076 1495 3133 crescentibuS,
1533 3085 1581 3125 et
1611 3078 1637 3123 a
1665 3078 1839 3127 vertice
1869 3079 2299 3140 descendentibus3
2344 3089 2391 3130 et
2427 3099 2533 3145 quae

611 3165 859 3212 introrsum
899 3164 1042 3213 habet
1081 3163 1378 3228 singularum
1419 3165 1685 3213 areolarum
1725 3183 1992 3225 numerum,
2031 3186 2267 3233 quemque
2302 3170 2531 3233 aequalem

611 3252 790 3299 duobus
812 3251 1020 3300 numeris
1042 3251 1257 3315 proxime
1281 3252 1602 3317 superpositis.
