2878 3900
571 589 625 627 84
1175 580 1263 623 DE
1295 577 1469 623 ARTE
1501 574 1883 620 LOGISTICA.

834 727 902 776 Ut
918 726 1056 775 radix
1071 723 1346 788 bipartiens,
1366 738 1449 769 seu
1466 721 1715 784 quadrata,
1737 717 1995 783 septenarii
2016 719 2170 783 major
2192 726 2264 768 est
2286 720 2493 778 binari0‚

771 813 925 861 minor
946 809 1167 866 ternario,
1187 816 1235 856 et
1255 806 1376 855 nulli
1397 807 1561 863 fracto,
1588 806 1639 854 in
1663 806 1883 854 universa
1904 805 2166 855 fractorum
2188 824 2498 858 numerorum

769 897 980 953 essentia,
1019 895 1212 959 aequalis
1243 902 1325 943 aut
1355 893 1792 943 commensurabilis
1826 893 2126 957 reperietur;
2169 894 2351 943 dicitur
2385 912 2501 960 ergo

768 991 1011 1035 concretus
1044 999 1267 1031 numerus
1297 982 1503 1046 proprie.
1575 982 1654 1030 Sic
1687 980 1827 1029 radix
1860 980 2153 1044 tripartiens,
2191 998 2275 1029 seu
2310 982 2498 1039 cubica,

770 1071 953 1121 denarii
974 1070 1175 1127 numeri,
1195 1086 1290 1117 non
1314 1076 1385 1117 est
1406 1085 1633 1117 numerus
1657 1068 1906 1125 discretus,
1927 1085 2016 1116 nec
2039 1085 2241 1118 numero
2264 1086 2499 1120 commen-

767 1158 1001 1215 surabilis,
1041 1158 1123 1205 sed
1158 1164 1437 1216 concretus;
1485 1163 1532 1204 et
1569 1155 1675 1205 aliae
1710 1155 1914 1203 infinitae
1949 1173 2260 1205 numerorum
2295 1158 2498 1215 radices,

768 1263 885 1310 quas
913 1246 1055 1310 vulgo
1083 1245 1249 1293 surdos
1276 1252 1324 1292 et
1350 1243 1649 1292 irrationales
1677 1250 1864 1291 vocant.

643 1423 830 1471 Horum
859 1428 1185 1470 concretorum
1214 1426 1346 1468 ortus
1374 1419 1579 1467 habetur
1608 1418 1904 1467 extrahendo
1928 1419 1954 1467 ὲ
1977 1419 2191 1468 numeris
2214 1420 2402 1469 radices
2432 1421 2502 1469 eis

575 1527 668 1559 non
696 1510 875 1558 insitaS.

837 1597 907 1646 Ut
930 1613 1032 1660 cap.
1057 1602 1089 1644 4
1112 1595 1222 1644 Lib.
1249 1595 1289 1642 1.
1314 1602 1362 1643 et
1384 1611 1486 1659 cap.
1513 1599 1543 1648 9
1567 1593 1677 1642 Lib.
1705 1593 1776 1642 II.
1800 1594 2090 1644 monuimus.

645 1772 787 1820 Unde
817 1787 875 1818 ex
906 1770 1179 1818 diversitate
1208 1769 1425 1818 radicum
1455 1769 1677 1818 oriuntur
1703 1769 1904 1818 diversae
1931 1769 2202 1819 notationes
2226 1778 2274 1820 et
2289 1772 2505 1821 nomina

578 1860 727 1908 tiones
749 1866 1088 1907 concretorum.

839 1947 910 1995 Ut
956 1946 1165 1993 radicem
1210 1945 1546 2010 bipartientem
1592 1946 1850 2011 septenarii
1895 1947 2065 2010 (quam
2104 1947 2248 2012 vulgo
2293 1948 2506 1997 radicem

732 2080 744 2093 ,
772 2034 1053 2097 quadratam
1078 2033 1334 2096 septenarii
1357 2035 1552 2098 vocant)
1576 2034 1644 2082 sic
1664 2040 1900 2091 notamus,
1932 2038 2041 2095 1-17,
2068 2041 2117 2083 et
2138 2035 2507 2099 pronuntiamus

770 2122 978 2170 radicem
1023 2121 1360 2185 bipartientem
1405 2129 1586 2186 septem
1631 2139 1715 2171 seu
1759 2123 2033 2187 septenarii.
2104 2124 2245 2182 Item,
2294 2125 2508 2174 radicem

773 2209 988 2258 cubicam
1015 2215 1089 2265 10,
1122 2226 1208 2257 nos
1239 2209 1521 2273 proferimus
1545 2210 1757 2259 radicem
1779 2211 2133 2276 tripartientem
2155 2214 2335 2270 decem,
2368 2221 2417 2262 et
2440 2213 2508 2262 sic

770 2296 1034 2353 scribimus,
1078 2291 1217 2347 Ι-ΙΟ.
1288 2297 1427 2354 Item,
1470 2298 1682 2347 radicem
1721 2299 2184 2364 quadripartientem
2223 2306 2278 2349 11
2318 2301 2389 2350 ita
2426 2318 2508 2350 no-

772 2392 941 2440 tamus,
972 2378 1111 2432 ]ll.
1182 2384 1320 2442 Item,
1355 2385 1568 2434 radicem
1598 2386 2061 2451 quintupartientem
2083 2387 2275 2436 numeri
2297 2388 2380 2445 sic,
2411 2393 2467 2449 [l
2491 2410 2505 2449 ;

773 2472 1190 2535 sextupartientem
1218 2473 1299 2530 sic,
1329 2467 1403 2523 Ε.

652 2648 793 2695 Hanc
823 2647 1149 2696 characterum
1176 2650 1458 2698 radicalium
1480 2651 1760 2700 varietatem
1790 2669 1900 2700 cum
1929 2652 2028 2701 suis
2058 2652 2275 2701 indicum

584 2735 792 2783 numeris
816 2735 1088 2799 suppeditat
1103 2736 1240 2785 nobis
1260 2738 1524 2799 (memoriae
1542 2739 1721 2804 gratia)
1737 2739 1829 2789 hoc
1845 2740 2042 2789 unicum
2065 2740 2271 2797 schema,
2329 2676 2482 2827 ᾖ

583 2823 632 2870 in
656 2839 764 2871 suas
786 2830 944 2887 partes
968 2822 1257 2871 distinctum.

1114 2912 1183 2960 Ut
1201 2912 1251 2959 in
1271 2914 1497 2977 exemplis
1514 2915 1910 2979 praecedentibus,
1935 2921 1990 2977 [j
2013 2922 2068 2977 1-
2094 2920 2149 2977 ζ]
2172 2921 2228 2978 [Ι
2251 2921 2306 2978 Ε
2324 2934 2508 2981 praepo-

785 3003 970 3058 3112119-
1058 2999 1150 3047 sita
1170 3000 1394 3057 numeris,
1420 3018 1527 3049 suas
1550 3002 1734 3051 radices
1756 3003 2110 3067 bipartientem,
2142 3004 2508 3068 tripartientem,

785 3067 970 3139 ΞῙῙΞῙῘΞ
1058 3087 1545 3151 quadrupartiefflem,
1576 3090 2050 3155 quintupartientem,
2085 3091 2512 3156 sextupartientem

786 3132 953 3189 Ἡιῑῃς,
1059 3174 1361 3222 denotabant.
1439 3175 1571 3223 Sicut
1610 3184 1657 3224 et
1698 3182 1752 3236 Ἶ
1794 3178 2007 3227 radicem
2047 3178 2474 3243 septupartientem
2494 3199 2508 3239 ;

1061 3265 1115 3319 ΓΙ
1131 3262 1551 3326 octupartientem3
1577 3267 1631 3323 Γ
1645 3266 2115 3330 noncupartientem;
2134 3266 2512 3331 itemque-Pde-
