2878 3900
510 583 535 618 4
1119 569 1205 612 DE
1241 566 1414 611 ARTE
1449 563 1827 609 LOGISTICA.

583 721 702 769 Haec
731 727 887 768 autem
917 717 990 765 vel
1019 723 1089 764 est
1119 713 1302 763 additio
1328 712 1402 760 vel
1432 709 1733 760 substractio.

585 809 806 856 Annrrm
842 813 911 853 est
947 801 1235 866 computatio
1268 800 1424 864 prima
1457 802 1552 863 qua
1578 797 1739 862 plures
1771 792 2064 859 quantitates
2095 791 2356 846 adduntur,
2392 798 2438 837 et

514 894 792 959 producitur
822 901 932 940 tota.

771 978 989 1043 Exempli
1022 976 1189 1042 gratia,
1222 976 1464 1025 addantur
1487 979 1518 1023 3
1542 982 1590 1023 et
1613 981 1659 1030 4,
1694 980 1741 1021 et
1771 971 2099 1036 producentur
2126 974 2159 1025 7
2182 983 2272 1031 pro
2301 969 2433 1025 tota3

703 1070 814 1118 item
838 1068 1078 1116 addantur
1100 1071 1145 1123 2,
1172 1070 1218 1122 3,
1245 1072 1293 1113 et
1315 1071 1361 1121 4,
1388 1072 1436 1113 et
1457 1063 1785 1129 producentur
1808 1065 1839 1114 9
1861 1076 1950 1124 pro
1974 1060 2086 1106 tota.

573 1249 920 1295 Suns‘rRAcrlo
948 1252 1019 1292 est
1050 1243 1340 1309 computatio
1370 1243 1529 1307 prima
1558 1244 1652 1306 qua
1683 1238 2088 1288 substrahendum
2119 1237 2147 1283 a
2173 1234 2436 1283 minuendo

507 1335 731 1391 aufertur,
757 1343 805 1382 et
826 1333 1107 1397 producitur
1128 1332 1388 1381 residuum.

767 1422 838 1471 Ut
861 1422 1119 1470 auferendo
1142 1427 1173 1469 4
1196 1423 1223 1468 a
1249 1427 1279 1475 9
1302 1427 1550 1469 remanent
1572 1426 1619 1467 5.
1689 1418 1938 1467 Dicuntur
1966 1423 2127 1465 autem
2158 1421 2190 1463 4
2221 1413 2435 1462 auferen-

701 1512 831 1567 dum,
864 1517 895 1564 9
917 1510 1244 1567 minuendum,
1275 1518 1322 1558 et
1344 1516 1375 1558 5
1399 1508 1658 1557 residuum.
1729 1507 1809 1556 Sic
1832 1505 2004 1556 ablatis
2027 1509 2059 1553 3
2082 1506 2110 1552 a
2131 1511 2162 1552 5
2186 1510 2436 1552 remanent

702 1617 786 1663 per
809 1598 1201 1647 substractionem
1225 1604 1270 1646 Q,

572 1777 865 1825 Substractio
888 1786 971 1825 aut
993 1785 1065 1825 est
1088 1776 1356 1840 aequalium,
1382 1784 1430 1824 et
1451 1775 1575 1824 nihil
1596 1782 1825 1832 remanet,
1852 1782 1935 1823 aut
1958 1773 2283 1838 inaequalium.

575 1865 887 1929 Inaequalium
925 1867 1035 1913 vero
1072 1874 1142 1913 est
1180 1872 1261 1913 aut
1299 1865 1580 1928 quantitatis
1616 1864 1815 1912 minoris
1852 1865 1880 1911 a
1908 1864 2104 1928 majore,
2139 1870 2188 1911 et
2219 1868 2434 1910 remanet

505 1953 746 2016 quantitas
769 1955 920 2018 major
942 1953 1106 2010 nihilo,
1129 1962 1212 2002 aut
1230 1954 1512 2017 quantitatis
1531 1953 1724 2018 majoris
1742 1954 1769 2000 a
1791 1952 1990 2009 minore,
2011 1960 2060 2000 et
2076 1950 2324 2000 residuum
2342 1950 2434 1999 erit

503 2041 659 2089 minus
682 2031 846 2090 nihilo.

765 2130 834 2179 Ut
865 2131 1143 2179 substractis
1170 2138 1202 2179 5
1231 2149 1289 2180 ex
1320 2138 1350 2179 5
1379 2139 1593 2180 remanet
1620 2130 1778 2190 nihil;
1817 2129 2097 2179 substractis
2120 2133 2153 2177 3
2176 2131 2204 2176 a
2225 2136 2256 2177 5
2281 2145 2431 2177 rema-

697 2226 811 2266 nent
843 2224 888 2275 2,
922 2220 1124 2284 majores
1157 2220 1349 2283 quidem
1377 2219 1564 2280 nihilo;
1609 2218 1888 2268 substractis
1918 2226 2079 2267 autem
2107 2225 2138 2276 7
2171 2219 2199 2265 a
2227 2224 2258 2266 5
2288 2217 2430 2266 relin-

695 2315 901 2370 quentur
924 2314 955 2356 Q
976 2308 1184 2357 minores
1206 2309 1372 2367 nihilo,
1399 2327 1483 2358 seu
1503 2309 1629 2357 nihil
1649 2308 1888 2357 minutum
1912 2309 2115 2357 duobus.

572 2482 644 2529 Ex
675 2482 749 2529 his
778 2500 890 2547 ergo
918 2492 1103 2533 constat
1134 2485 1388 2534 defectivas
1416 2486 1706 2550 quantitates
1727 2486 1844 2535 hine
1866 2486 2102 2551 originem
2131 2485 2337 2542 trahere,
2371 2503 2431 2534 ex

505 2570 845 2619 substractione
868 2571 1092 2620 nimirum
1115 2574 1308 2638 majoris
1332 2576 1358 2622 a
1379 2575 1562 2624 minore
1583 2594 1594 2624 :
1633 2576 1714 2624 De
1737 2575 1913 2639 quibus
1937 2592 2023 2623 suo
2044 2574 2150 2623 loco
2172 2582 2356 2640 agetur.

572 2657 642 2704 Ex
677 2659 929 2721 praemissis
961 2660 1141 2709 clarum
1173 2670 1243 2710 est
1275 2663 1567 2713 additionem
1598 2672 1646 2713 et
1677 2663 2078 2713 substractionem
2104 2663 2259 2712 relata
2288 2680 2423 2723 esse3

504 2755 646 2809 atque
670 2745 777 2794 idco
802 2748 999 2796 alteram
1023 2749 1217 2798 alterius
1240 2769 1451 2801 examen.

571 2833 805 2883 Examina
827 2836 952 2883 enim
977 2838 1227 2886 definimus
1255 2857 1311 2887 ea
1339 2842 1666 2890 tantummodo
1688 2859 1796 2906 quae
1819 2849 1923 2890 tum
1944 2841 2166 2890 omnibus
2190 2849 2293 2890 tum
2316 2841 2428 2889 solis

504 2930 628 2969 recte
652 2924 934 2987 computatis
957 2927 1256 2975 conveniunt.

764 3012 832 3060 Ut
855 3030 1012 3077 supra,
1038 3031 1126 3079 pro
1148 3017 1363 3066 examine
1386 3019 1760 3077 substractionis,
1787 3037 1849 3068 an
1872 3024 1903 3068 3
1928 3021 2198 3069 substracta
2219 3037 2280 3068 ex
2302 3026 2332 3068 5
2356 3037 2427 3068 re-

699 3098 918 3163 linquant
941 3107 986 3159 Q,
1018 3103 1140 3152 adde
1164 3109 1195 3152 2
1218 3112 1266 3153 et
1287 3110 1319 3153 3
1342 3114 1391 3154 et
1412 3107 1663 3156 restituent
1684 3115 1731 3157 5.
1801 3109 1867 3157 Et
1890 3116 2072 3167 eontra,
2096 3126 2186 3174 pro
2208 3108 2427 3157 examine

698 3188 969 3247 additionis,
1001 3208 1062 3240 an
1086 3198 1118 3240 2
1141 3200 1189 3241 et
1211 3198 1242 3241 3
1266 3194 1444 3243 faciant
1466 3202 1512 3252 5,
1543 3196 1792 3246 substrahe
1814 3202 1846 3246 8
1870 3215 1930 3246 ex
1955 3204 2003 3256 5,
2033 3206 2082 3247 et
2108 3197 2373 3262 prodibunt
2395 3203 2427 3245 Q

697 3275 946 3338 restituta;
986 3279 1060 3327 vel
1084 3279 1235 3338 aliter,
1257 3282 1506 3331 substrahe
1530 3289 1561 3332 2
1584 3301 1643 3333 ex
1665 3291 1711 3342 5,
1738 3293 1786 3334 et
1807 3285 2072 3350 prodibunt
2094 3290 2127 3334 3
2149 3293 2204 3334 ut
2224 3285 2374 3350 priuS.
