2878 3900
1045 509 1135 553 DE
1172 510 1347 554 ARTE
1379 509 1758 554 LOGISTICA.
2325 514 2373 553 81

497 655 632 703 Hinc
666 655 721 704 fit
756 657 886 719 quod
921 656 1126 705 otiosum
1160 664 1208 705 ct
1242 657 1536 722 superfluum
1567 657 1703 713 foret,
1740 656 1872 705 hisce
1908 656 2249 721 particularem
2284 656 2376 704 cal-

428 745 590 793 culum
625 753 800 803 texere,
838 764 948 794 cum
982 746 1155 795 harum
1189 747 1482 811 computatio
1516 745 1704 795 facilius
1735 745 2020 810 expediatur
2047 762 2133 810 per
2156 746 2375 810 vulgares

426 834 638 899 integros
670 843 718 884 et
748 836 925 884 fractos
956 853 1195 893 numeros,
1234 837 1378 900 quam
1404 853 1491 900 per
1520 853 1628 884 suas
1651 835 1965 900 particulares
1988 835 2164 883 formas
2188 834 2372 890 calculi,

425 924 691 988 praesertim
716 925 1035 982 astronomici,
1064 925 1127 973 ad
1149 942 1292 989 quem
1315 924 1462 973 etiam
1485 925 1651 974 tabula
1671 924 1862 989 prolixa
1884 924 2196 989 sexagenaria
2218 923 2374 986 requi-

426 1013 565 1070 ritur,
605 1031 702 1062 una
733 1032 842 1062 cum
872 1014 1090 1063 molestia
1118 1014 1385 1079 duplicium
1414 1014 1681 1078 figurarum
1708 1013 1967 1077 unicuique
1999 1012 2376 1061 denominationi

425 1104 763 1168 subjectarum,
801 1104 886 1152 ubi
915 1103 1220 1152 arithmetica
1246 1103 1458 1168 vulgaris
1490 1103 1695 1168 requirit
1727 1109 1915 1150 tantum
1947 1103 2139 1151 unicam
2170 1103 2374 1167 figuram

426 1191 686 1256 unicuique
718 1192 836 1241 loco.

692 1283 763 1330 Ut
785 1289 918 1346 patet
941 1281 1151 1346 expertis
1169 1300 1190 1338 :V
1221 1282 1352 1330 Nam
1375 1281 1563 1330 facilius
1587 1288 1635 1329 et
1658 1281 1798 1329 citius
1823 1281 2194 1329 astronomicum
2214 1281 2375 1328 thema

625 1372 820 1436 vulgato
853 1389 986 1419 more
1022 1370 1327 1419 arithmetico
1362 1377 1680 1436 computatur,
1720 1378 1768 1419 et
1802 1370 2068 1427 resolvitur,
2100 1372 2242 1434 quam
2270 1371 2374 1435 ipso

624 1461 942 1509 astronomico
966 1461 1178 1521 calculo,
1216 1468 1393 1525 praeter
1415 1460 1562 1509 etiam
1585 1460 1762 1509 tabulae
1785 1460 2011 1524 praefatae,
2039 1467 2086 1508 et
2110 1461 2375 1524 duplicium

623 1550 902 1614 figurarum,
943 1551 1033 1598 sub
1070 1553 1259 1614 quaque
1295 1549 1698 1606 denominatione,
1737 1548 1947 1597 taedium.
2018 1549 2244 1612 Namque
2276 1550 2374 1597 vul-

620 1639 750 1703 garis
775 1639 1080 1688 arithmetica
1101 1639 1206 1688 loco
1228 1638 1385 1704 primo
1407 1638 1665 1695 unitatum,
1693 1645 1740 1686 et
1763 1638 1867 1686 loco
1891 1639 2100 1686 secundo
2123 1639 2370 1694 denorum,

621 1736 669 1778 et
708 1730 813 1778 loco
854 1729 996 1778 tertio
1036 1736 1361 1786 centenorum,
1411 1736 1459 1777 et
1504 1728 1800 1792 reliquorum
1845 1727 2143 1792 singulorum
2184 1728 2374 1775 unicam

622 1826 811 1867 tantum
860 1820 1067 1884 figuram
1118 1818 1171 1866 in
1225 1818 1427 1883 singulis
1477 1817 1593 1866 locis
1648 1816 1911 1866 constituit.
2006 1816 2373 1865 Astronomicus

621 1916 782 1956 autem
822 1909 1033 1957 calculus
1075 1907 1127 1955 in
1174 1907 1376 1972 singulis
1423 1906 1520 1955 suis
1566 1905 1696 1963 locis,
1747 1914 1847 1954 tam
1887 1906 2187 1954 ascendendo
2228 1908 2371 1968 quam

620 1998 968 2054 descendendo,
1019 1997 1088 2045 sic
1126 1996 1319 2053 notatis,
1361 1997 1371 2017 '
1395 1998 1413 2017 ''
1439 1998 1464 2018 '''
1487 1997 1535 2052 '''',
1574 2002 1664 2043 etc.
1704 1995 1841 2043 binas
1875 1995 2157 2060 plerumque
2193 1995 2370 2058 figuras

620 2088 857 2151 subjectas
889 2086 1238 2151 complectitur,
1273 2103 1382 2149 quae
1414 2085 1576 2134 omnia
1606 2085 1932 2133 confusionem
1960 2084 2172 2148 pariunt.

487 2267 646 2323 Unde,
687 2267 906 2315 omnibus
941 2265 1256 2315 fractionibus
1290 2272 1466 2330 praeter
1494 2266 1596 2329 jam
1631 2263 1869 2328 expositas
1906 2264 2127 2327 vulgares
2166 2263 2365 2319 omissis,

418 2356 532 2404 huic
565 2355 903 2404 Arithmeticae
934 2355 1193 2421 Logisticae
1223 2356 1369 2403 finem
1398 2353 1701 2418 imponimus.

486 2533 634 2582 DEO
671 2542 832 2582 autem
867 2534 1021 2583 OPT.
1062 2533 1259 2590 MAX.,
1297 2541 1345 2581 et
1380 2532 1478 2581 suis
1509 2532 1740 2581 Numeris
1773 2532 1992 2580 omnibus
2024 2531 2235 2587 Infinito,
2271 2532 2366 2578 Im-

417 2639 594 2679 menso,
623 2630 670 2671 et
695 2623 927 2681 Perfecto,
958 2622 1257 2672 retribuatur
1279 2621 1433 2670 omnis
1456 2621 1575 2679 laus,
1602 2622 1770 2678 honor,
1797 2629 1845 2669 et
1867 2620 2022 2685 gloria
2043 2620 2094 2668 in
2119 2628 2364 2668 aeternum.

420 2710 595 2760 Amen.

1067 2911 1219 2950 FINIS
1251 2911 1409 2951 LIBRI
1442 2911 1711 2952 SECUNDI.
