2878 3900
1044 476 1133 519 DE
1167 476 1345 520 ARTE
1379 476 1758 520 LOGISTICA.
2324 484 2374 522 41

426 622 630 671 circulos
653 621 800 670 habet
823 622 1029 686 partitor
1050 641 1062 671 :
1101 622 1322 672 abscissae
1346 631 1506 672 tamen
1528 625 1696 688 figurae
1719 640 1867 688 supra
1887 623 2079 681 lineam,
2103 632 2151 672 et
2173 625 2376 688 partitor

425 711 554 759 infra
575 711 767 768 lineam,
796 718 907 759 sunt
930 711 1292 769 constituendae,
1314 720 1362 760 et
1386 720 1532 776 quoto
1556 712 1839 777 adjiciendae
1863 713 1926 762 ad
1949 713 2086 776 quoti
2108 713 2377 777 fragmenta

425 800 705 848 notandum.

693 890 763 938 Ut
794 889 890 937 sint
923 889 1220 947 865091372
1247 890 1504 954 partienda
1525 907 1611 954 per
1639 896 1746 948 100,
1785 892 1901 939 fient
1926 891 2256 958 865091352035
2289 909 2377 956 pro

625 986 785 1042 quoto.
859 978 984 1026 Item
1008 978 1104 1026 sint
1129 978 1660 1037 8650913720000089
1690 980 1946 1044 partienda
1974 998 2061 1044 per
2098 987 2370 1038 10000000,

625 1068 679 1115 fit
703 1074 876 1130 quotus
902 1067 1481 1134 865091372Πᾱ3-(9ῆο-Ο.

494 1244 628 1292 Hinc
652 1244 882 1308 sequitur,
903 1244 1328 1309 multiplicationes
1346 1253 1394 1293 et
1410 1246 1692 1309 partitiones
1715 1263 1802 1310 per
1824 1264 2132 1311 quoscunque
2150 1235 2374 1297 numeros

421 1341 585 1381 auctos
610 1333 803 1382 circulis
820 1333 960 1381 facile
977 1333 1097 1389 fieri,
1119 1333 1291 1397 spretis
1314 1334 1471 1398 primo
1494 1334 1546 1381 in
1568 1334 1968 1398 multiplicatione
1992 1337 2198 1394 circulis,
2221 1339 2373 1387 donec

422 1422 776 1485 multiplicandi
811 1429 858 1470 et
892 1421 1260 1486 multiplicantis
1289 1423 1489 1487 reliquae
1519 1423 1687 1488 figurae
1718 1423 1923 1472 invicem
1952 1426 2223 1487 ducantur,
2260 1428 2373 1476 inde

421 1510 642 1574 multiplo
678 1518 747 1559 tot
781 1511 984 1559 circulos
1019 1511 1349 1572 restituendo3
1392 1520 1535 1576 atque
1569 1530 1657 1576 pro
1691 1513 1950 1577 partitione
1979 1515 2303 1564 abscindendo
2327 1527 2374 1565 et

421 1599 624 1648 circulos
648 1601 675 1647 a
697 1600 930 1664 partitore
954 1607 1001 1648 et
1025 1601 1298 1665 tof‘figuras
1321 1602 1349 1648 a
1370 1601 1625 1665 partiendo
1647 1623 1659 1661 ;
1705 1610 1848 1666 atque
1871 1602 2110 1667 reliquum
2132 1605 2374 1668 partiendi

420 1705 507 1752 per
529 1689 771 1752 reliquum
792 1689 1039 1753 partitoris
1063 1689 1337 1747 dividendo,
1357 1698 1405 1738 et
1427 1690 1656 1754 reliquias
1681 1684 1791 1739 cum
1815 1692 2049 1750 abscissis,
2070 1694 2224 1757 posita
2245 1695 2371 1742 inter

410 1794 500 1825 eas
524 1778 662 1835 linea,
691 1778 977 1843 adjiciendo.

689 1868 760 1916 Ut
791 1867 888 1915 sint
921 1867 1289 1931 multiplicanda
1320 1868 1484 1922 65294
1518 1886 1604 1932 per
1640 1873 1785 1926 2300,
1822 1871 1939 1918 fient
1961 1870 2118 1934 primo
2147 1873 2372 1929 1501762

621 1958 705 2019 (ex
733 1957 883 2004 ductu
912 1955 1076 2010 65294
1099 1956 1151 2004 in
1176 1959 1279 2020 23),
1312 1957 1487 2005 deinde
1522 1957 1795 2021 adjiciendo
1823 1964 1889 2006 00
1918 1960 2035 2007 fient
2062 1960 2367 2017 150176200,

680 2098 758 2144 ι98
904 2062 992 2109 pro
1034 2053 1133 2094 toto
1173 2046 1408 2110 multiplo.
1482 2047 1607 2095 Item
1653 2047 1749 2095 sint
1787 2048 2042 2111 partienda
2081 2049 2244 2104 65294
2285 2068 2371 2114 per

678 2150 823 2210 6521941
906 2140 1051 2192 2300,
1074 2135 1428 2183 constituantur
1447 2143 1501 2184 ut
1523 2138 1550 2183 a
1571 2137 1802 2201 margine,
1829 2137 1899 2186 ita
1921 2145 1974 2185 ut
1997 2155 2084 2202 pro
2103 2145 2168 2187 00
2186 2140 2367 2188 abscin-

632 2216 766 2276 Q
904 2224 1082 2272 dantur
1104 2240 1341 2288 gnomone
1365 2229 1443 2280 94,
1470 2224 1562 2273 hoc
1585 2226 1726 2273 modo
1757 2224 1860 2292 194,
1900 2226 2073 2275 deinde
2096 2228 2368 2292 partiantur

662 2286 743 2385 ᾗ(
906 2313 1003 2361 652
1037 2330 1124 2376 per
1159 2317 1238 2369 23,
1273 2320 1320 2360 et
1351 2313 1433 2361 fiet
1468 2322 1656 2377 quotus,
1695 2292 1823 2363 cuni
1835 2315 2114 2379 fragmentis
2146 2318 2364 2374 residuis,

905 2402 1117 2468 Qsscgfflkffl
1146 2419 1231 2450 seu
1255 2403 1410 2464 (quod
1432 2403 1561 2451 idem
1584 2406 1680 2467 est)
1705 2405 1916 2470 2814ᾖό.

487 2581 652 2629 Primo
674 2581 873 2630 intuitui
896 2581 1087 2630 facilem
1109 2598 1158 2629 se
1183 2581 1349 2645 objicit
1371 2581 1633 2645 bipartitio.

687 2671 758 2719 Ut
789 2670 886 2718 sint
913 2670 1223 2734 bipartienda
1251 2669 1416 2725 65294
1438 2691 1450 2730 ;
1493 2670 1600 2733 quis
1623 2688 1720 2719 non
1743 2671 1899 2735 primo
1922 2672 2102 2720 intuitu
2126 2674 2365 2736 conspicet

618 2765 649 2806 3
681 2777 782 2807 esse
818 2756 1073 2808 dimidium
1110 2759 1155 2816 6,
1200 2767 1247 2807 et
1283 2765 1314 2807 2
1350 2759 1575 2822 quinarii,
1614 2760 1780 2808 relicto
1820 2766 1860 2817 1,
1899 2761 2215 2809 constituente
2256 2779 2363 2809 cum

619 2855 846 2911 sequente
868 2848 1058 2897 binario
1086 2854 1161 2905 12,
1196 2865 1401 2912 quorum
1425 2848 1680 2897 dimidium
1705 2857 1776 2898 est
1801 2849 1831 2898 6
1852 2870 1864 2909 3
1906 2850 2078 2899 deinde
2102 2859 2364 2913 sequuntur

618 2941 664 2992 9,
682 2952 887 3000 quorum
906 2936 1161 2985 dimidium
1179 2944 1291 2985 sunt
1306 2942 1352 2993 4,
1371 2937 1539 2986 relicto
1559 2944 1581 2985 1
1602 2938 1824 3000 (denario
1842 2938 2070 3001 scilicet);
2099 2947 2362 3001 sequuntur

617 3040 731 3088 ergo
766 3024 982 3072 omnium
1019 3025 1188 3073 ultimo
1230 3031 1304 3082 14,
1344 3043 1551 3089 quorum
1588 3026 1843 3074 dimidium
1881 3033 1952 3074 est
1983 3033 2048 3084 73
2093 3043 2151 3073 ex
2189 3026 2362 3088 quibus

623 3153 726 3197 6529
729 3158 753 3192 4
851 3112 1072 3161 omnibus
1098 3117 1149 3169 3,
1188 3118 1234 3170 2,
1269 3113 1314 3170 6,
1349 3119 1395 3170 4,
1433 3121 1479 3172 7,
1522 3115 1657 3163 fiunt·
1676 3113 1852 3171 32647,
1887 3113 2141 3162 dimidium
2173 3114 2362 3162 numeri

624 3206 752 3253 32647
853 3201 1015 3258 oblati,
1043 3201 1174 3250 dicto
1196 3200 1339 3251 cit-ius
1362 3210 1621 3266 repertum,
1650 3210 1703 3250 ut
1726 3204 1753 3249 a
1774 3201 1991 3266 margine
2013 3210 2221 3250 notatur.

1372 3307 1398 3337 F
