2878 3900
517 534 568 574 7⁴
1123 524 1209 567 DE
1243 523 1416 568 ARTE
1451 518 1825 564 LOGISTICA.

1213 857 1486 912 CAPUT
1554 855 1728 910 XIII.

587 1044 659 1081 DE
690 1038 1104 1081 EXTRACTIONE
1136 1037 1406 1077 RADICUM
1439 1038 1471 1076 E
1503 1036 1888 1077 NUMERORUM
1921 1035 2374 1075 FRACTIONIBUS.

575 1206 639 1257 Si,
667 1200 907 1249 fractionis
930 1200 1137 1247 reductae
1156 1199 1217 1247 ad
1234 1198 1455 1245 minimos
1475 1197 1716 1254 terminos,
1737 1204 1939 1260 uterque
1958 1196 2191 1245 terminus
2215 1197 2439 1247 habuerit

512 1290 687 1338 radices
711 1288 962 1353 propositae
986 1287 1174 1352 speciei,
1201 1304 1268 1335 eae
1292 1286 1598 1335 extrahendae
1622 1293 1732 1334 sunt
1754 1285 2054 1349 integrorum
2078 1303 2224 1343 more,
2251 1294 2299 1335 et
2322 1288 2439 1336 fient

507 1387 775 1426 numerator
798 1386 844 1425 et
867 1376 1196 1425 denominator
1218 1375 1394 1423 radicis
1417 1375 1643 1439 quaesitae.

573 1467 652 1513 Sin
679 1475 833 1513 autem
859 1473 1057 1527 uterque
1082 1464 1309 1512 terminus
1334 1462 1576 1511 fractionis
1599 1479 1695 1511 non
1714 1462 1890 1511 habeat
1908 1463 2054 1511 talem
2072 1464 2299 1521 radicem,
2323 1473 2437 1514 tunc

508 1557 606 1617 ejus
629 1555 779 1610 radix,
805 1562 887 1601 aut
909 1553 1206 1618 geometricae
1228 1569 1358 1600 more
1383 1560 1465 1600 aut
1487 1551 1779 1608 mechani00‚
1805 1559 1878 1600 est
1900 1552 2209 1600 extrahenda.

767 1643 834 1690 Ut
857 1643 919 1690 sit
942 1643 1080 1690 radix
1104 1641 1376 1705 tripartiens
1401 1640 1697 1689 extrahenda
1720 1641 1744 1688 c
1767 1643 1849 1707 ἦ,
1870 1642 2007 1706 cujus
2031 1641 2225 1690 termini
2248 1642 2434 1690 minimi

701 1738 809 1777 sunt
826 1731 920 1805 2823
957 1730 1005 1777 in
1031 1730 1169 1794 hujus
1189 1729 1390 1777 termino
1409 1737 1609 1792 utroque
1633 1728 1760 1777 clare
1784 1737 1971 1778 constat
1994 1729 2134 1778 radix
2158 1730 2434 1795 tripartiens

700 1818 1010 1866 numeratoris
1044 1823 1088 1873 3,
1126 1827 1173 1866 et
1208 1817 1578 1866 denominatoris
1614 1823 1679 1877 23
1724 1826 1835 1867 sunt
1870 1835 1985 1882 ergo
2019 1821 2052 1884 ξ»
2086 1818 2226 1867 radix
2262 1820 2432 1883 tripar-

701 1906 820 1953 tiens
844 1906 1044 1969 quaesita
1064 1906 1212 1954 oblati
1234 1905 1436 1954 radicati
1458 1908 1538 1972 ἦ,
1565 1923 1649 1953 seu
1671 1907 1751 1981 2—87.

1231 2105 1386 2153 Aliud
1410 2105 1692 2169 exemplum.

762 2260 943 2306 Contra
987 2260 1097 2306 vero
1144 2259 1204 2306 sit
1250 2259 1419 2307 fractio
1465 2260 1625 2309 oblata
1673 2263 1783 2338 ff,
1834 2263 1969 2326 cujus
2011 2264 2203 2312 termini
2245 2265 2431 2313 minimi

695 2354 805 2393 sunt
832 2349 930 2423 ²325
976 2347 1038 2395 sit
1070 2364 1129 2395 ex
1162 2347 1237 2395 his
1272 2348 1569 2397 extrahenda
1604 2350 1746 2398 radix
1782 2350 2079 2415 bipartiens:
2133 2353 2275 2411 Dico,
2315 2355 2431 2418 quia

698 2442 893 2497 uterque
928 2435 1169 2491 terminus,
1211 2441 1274 2490 29
1309 2444 1357 2485 et
1391 2443 1436 2493 4«,
1475 2454 1571 2486 non
1613 2438 1788 2487 habeat
1824 2439 2038 2489 radicem
2074 2441 2427 2506 bipartientem,

699 2522 936 2583 (quamvis
972 2522 1104 2578 alter,
1141 2523 1319 2572 scilicet
1353 2531 1398 2581 4,
1436 2525 1637 2590 habeat)
1669 2526 1792 2584 ideo,
1826 2528 2073 2577 fractionis
2104 2530 2277 2579 oblatae
2311 2534 2424 2607 249—3‘,

697 2625 777 2655 seu
799 2611 878 2684 2—42,
915 2627 1009 2658 non
1043 2620 1114 2659 est
1147 2611 1443 2662 arithmetice
1478 2614 1776 2664 extrahenda
1808 2617 1948 2664 radix
1982 2617 2206 2680 perfecta,
2237 2620 2321 2667 sed
2345 2629 2427 2668 aut

696 2697 976 2759 geometrice
1008 2706 1089 2746 aut
1118 2699 1403 2750 mechanice.

569 2873 900 2921 Geometricus
935 2875 1101 2922 modus
1135 2884 1219 2932 est,
1263 2894 1537 2942 praeponere
1576 2881 1803 2930 radicatae
1843 2883 2067 2932 fractioni
2108 2885 2195 2933 toti
2236 2885 2426 2950 signum

503 2961 674 3008 radicis
707 2962 1025 3019 extrahendae,
1063 2971 1145 3011 aut
1179 2965 1316 3029 signa
1347 2967 1521 3016 radicis
1556 2970 1747 3035 utrique
1782 2972 2001 3021 termino.

768 3051 834 3099 Ut
875 3051 1130 3116 superioris
1170 3054 1370 3118 exempli
1412 3056 1579 3106 fractio
1615 3061 1726 3136 ἦρ,
1769 3078 1854 3110 seu
1889 3064 1968 3139 ²52⁹
2013 3080 2174 3111 veram
2214 3065 2424 3113 radicem

698 3139 1028 3203 bipartientem
1057 3157 1151 3189 non
1179 3141 1355 3202 habet3
1396 3143 1516 3201 ideo,
1555 3147 1642 3195 toti
1675 3148 1898 3198 fractioni
1932 3160 2016 3200 aut
2049 3154 2424 3217 praeponendum

701 3236 771 3275 est
804 3227 1004 3315 signum‘
1027 3229 1215 3286 radicis,
1254 3230 1343 3280 hoc
1376 3234 1530 3291 modo,
1572 3239 1711 3313 ι-Ιᾈ,
1746 3247 1829 3287 aut
1861 3240 2052 3303 utrique
2083 3241 2299 3298 termino,
2334 3242 2425 3290 hoc
