2878 3900
541 519 594 559 20
1147 511 1235 556 DE
1267 506 1442 554 ARTE
1473 505 1848 552 LOGISTICA.

738 661 881 715 -82,
917 656 1072 706 indice
1104 655 1281 710 eodem,
1319 652 1513 702 habebit
1544 650 1757 700 radicem
1787 647 2071 697 defectivam
2091 651 2206 704 -2,
2242 647 2373 713 quod
2399 665 2458 697 ex

737 746 1027 811 praecedente
1048 742 1274 807 exemplo,
1299 747 1347 790 et
1369 739 1617 804 utriusque
1639 736 1857 787 examine
1878 735 2064 801 liquido
2086 742 2284 786 constat.

610 922 796 987 Regula
815 918 1126 986 proportionis
1153 934 1250 967 non
1277 923 1350 966 est
1379 915 1460 965 hic
1487 916 1759 981 repetenda,
1791 914 1920 980 quod
1942 930 2000 962 ea
2021 930 2081 962 ex
2102 912 2456 978 multiplicatio·

541 1011 679 1060 nibus
700 1018 748 1059 et
767 1006 1098 1074 partitionibus
1120 1012 1444 1071 componatur,
1470 1011 1518 1054 et
1538 1020 1626 1070 per
1645 1003 1894 1069 praemissa
1915 1001 2207 1067 acquiratur.

1256 1285 1530 1343 CAPUT
1585 1284 1721 1342 VII.

1055 1466 1132 1505 DE
1160 1466 1645 1516 QUANTITATIBUS
1674 1466 1932 1507 FRACTIS-

606 1627 881 1676 HACTENUS
904 1626 1058 1692 prima
1079 1626 1397 1690 quantitatum
1419 1626 1591 1675 divisio
1611 1647 1626 1687 ;
1664 1627 1881 1692 sequitur
1902 1626 2126 1676 secunda.

601 1805 828 1861 Secundo,
853 1805 1010 1861 etiam,
1037 1804 1322 1868 quantitates
1346 1812 1428 1853 aut
1450 1811 1561 1853 sunt
1583 1805 1799 1869 integrae,
1827 1811 1911 1853 aut
1931 1803 2111 1852 fractae.

602 1894 903 1952 Quantitates
937 1894 1146 1959 integras
1179 1893 1261 1942 hic
1294 1894 1507 1952 dicimus,
1546 1912 1653 1959 quae
1676 1901 1760 1943 aut
1781 1892 2030 1951 unitatem,
2056 1899 2140 1941 aut
2162 1890 2350 1941 nullum
2373 1893 2453 1942 ha-

535 1985 646 2032 bent
679 1982 1094 2031 denominatorem.
1164 1983 1467 2048 Integrarum
1494 1990 1652 2032 autem
1673 1999 1760 2047 per
1782 1999 1832 2031 se
1854 1981 2230 2047 computationes
2253 1998 2313 2030 ex
2334 1998 2453 2046 prae—

533 2070 699 2126 missis,
725 2048 832 2119 cum
855 2070 1030 2127 fractis,
1057 2072 1182 2128 vero,
1208 2088 1268 2120 ex
1290 2072 1593 2135 sequentibus
1615 2071 1859 2120 habemus·

598 2160 638 2207 F
639 2167 790 2207 ractas
807 2160 918 2208 vero
935 2159 1150 2217 dicimus,
1171 2177 1278 2224 quae
1296 2156 1703 2209 denominatorem
1720 2160 1962 2210 diversum
1984 2161 2046 2210 ab
2068 2159 2253 2208 unitate
2275 2159 2454 2209 habent

534 2247 819 2296 numeratori
842 2247 1148 2312 suppositum.

597 2335 941 2384 Dcnominator
962 2344 1032 2384 est
1054 2336 1294 2401 quantitas
1317 2337 1561 2402 supposita
1581 2337 1734 2396 lineae,
1760 2354 1868 2402 quae
1890 2353 1977 2403 per
1999 2343 2117 2402 quot
2145 2344 2306 2401 partes
2336 2336 2452 2385 divi-

536 2424 690 2472 denda
711 2423 772 2471 sit
795 2432 895 2472 tota
915 2423 1107 2473 indicat.

599 2511 887 2559 Numerator
919 2520 1074 2560 autem
1108 2521 1177 2561 est
1210 2515 1450 2577 quantitas
1485 2514 1785 2581 superposita
1815 2515 1970 2572 lineae,
2003 2531 2113 2579 quae
2135 2521 2252 2579 quot
2275 2531 2334 2564 ex
2355 2514 2451 2563 illis

536 2598 747 2662 partibus
771 2601 1007 2648 sumendae
1031 2601 1125 2649 sint
1147 2603 1351 2650 denotat.

797 2687 858 2735 V.
882 2705 927 2751 g.
955 2688 1074 2736 Haec
1097 2689 1350 2752 quantitaS,
1388 2696 1420 2740 3
1437 2692 1513 2749 ab,
1551 2698 1623 2740 est
1655 2691 1845 2756 integra
1866 2690 2123 2756 quantitas·
2193 2691 2274 2741 Sic
2298 2693 2451 2757 (quod

731 2775 856 2823 idem
896 2777 989 2839 est)
1024 2778 1104 2850 ἴθι-ἰῶ
1142 2785 1213 2826 est
1254 2779 1396 2827 etiam
1438 2779 1640 2845 integra,
1680 2781 1770 2829 sub
1803 2779 1959 2845 specie
1994 2787 2154 2828 tamen
2189 2779 2448 2830 stantionis.

733 2863 856 2911 Item
886 2865 978 2940 g—geb,
1016 2872 1062 2911 et
1096 2867 1166 2922 «ΣΞ,
1199 2873 1246 2913 et
1277 2869 1350 2942 ιζ’-ἓ,
1388 2867 1484 2916 sive
1515 2869 1643 2933 quod
1671 2868 1802 2917 idem
1834 2876 1919 2926 est,
1948 2870 1995 2935 ᾗ,
2030 2868 2286 2918 fractiones
2320 2876 2446 2926 sunt,

726 2967 810 2999 seu
831 2951 993 3000 fractae
1015 2911 1316 3016 quaiititates,
1342 2972 1544 3018 quarum
1575 2956 1766 3005 termini
1795 2957 2061 3023 superiores
2092 2964 2204 3006 sunt
2230 2974 2449 3007 numera-

728 3047 866 3096 toreS,
891 3039 1137 3088 inferiores
1159 3042 1284 3098 vero,
1309 3042 1700 3093 denominatores.

610 3214 909 3270 Quantitates
959 3216 1131 3266 fractas
1181 3219 1382 3283 majores
1433 3220 1627 3277 unitate,
1675 3238 1734 3271 ex
1777 3222 2067 3288 imperfectis
2110 3223 2448 3288 partitionibus
