2878 3900
579 557 634 596 32

1187 547 1274 590 DE
1309 543 1481 589 ARTE
1515 540 1893 586 LOGISTICA.

778 696 891 761 quia
911 702 942 743 5
968 692 1162 742 inferius
1190 690 1377 739 minora
1406 695 1517 736 sunt
1548 691 1578 734 8
1608 685 1953 751 suprapositis3
1993 685 2186 733 tandem
2222 684 2357 733 aufer
2387 691 2417 731 5
2451 701 2510 731 ex

777 789 822 840 8,
856 793 903 832 et
931 786 1182 846 supersunt
1208 782 1254 835 3,
1286 777 1471 841 integre
1501 774 1911 839 superscribenda,
1945 772 2061 836 quia
2092 772 2218 820 nihil
2250 780 2358 837 post
2392 772 2509 820 exti-

776 888 898 920 mam
933 870 1133 934 figuram
1168 867 1432 930 subjectum
1466 863 1683 927 sequitur
1710 863 1839 927 quod
1866 867 2096 925 exuperat
2119 861 2471 925 superpositum
2493 879 2505 908 :

779 959 840 1007 Et
870 958 938 1006 ita
964 956 1110 1005 habes
1140 954 1381 1003 residuum
1413 951 1681 1016 quaesitum‚
1716 951 2059 1007 2690997393.

843 1045 1000 1109 Hujus
1037 1042 1192 1108 operis
1227 1058 1425 1090 examen
1456 1041 1511 1088 fit
1537 1038 1930 1104 pen-addendo
1964 1036 2229 1095 47156705
2261 1036 2325 1084 ad
2359 1036 2507 1091 2690-

771 1136 979 1190 997393,
1017 1139 1065 1180 et
1104 1130 1415 1179 restituentur
1454 1132 1816 1187 27381540983
1871 1126 1946 1175 vel
1989 1124 2508 1190 per,—substrahendo

777 1221 1103 1278 *2690997893
1133 1237 1190 1267 ex
1221 1223 1562 1277 ί2788154098,
1597 1225 1644 1265 et
1674 1217 1987 1265 restituentur
2014 1214 2311 1273 47156705:
2352 1214 2417 1262 Et
2439 1214 2509 1262 ita

773 1310 821 1357 in
846 1309 965 1357 aliis.

874 1508 1026 1556 Aliud
1049 1508 1330 1572 exemplum,
1356 1515 1403 1555 et
1427 1505 1684 1571 superioris
1708 1505 1967 1554 additionis
1991 1522 2206 1553 examen.

840 1662 946 1710 Sint
985 1661 1333 1711 substrahenda
1372 1659 1566 1708 863556
1602 1678 1661 1709 ex
1705 1659 1977 1717 10618418,
2020 1660 2239 1708 residuus
2278 1676 2505 1707 numerus

771 1749 863 1798 erit
899 1750 1142 1808 9754862,
1184 1758 1238 1798 ut
1275 1749 1490 1814 superius
1524 1749 1574 1797 in
1605 1749 1864 1798 additione.
1938 1749 2074 1797 Idem
2110 1748 2358 1812 proveniet
2398 1748 2437 1795 si
2479 1750 2506 1795 ῑι

772 1838 950 1886 dextris
974 1838 1294 1886 sinistrorsum
1318 1845 1540 1902 operatus
1563 1837 1722 1886 fueris.

640 2014 692 2062 Si
713 2015 942 2064 offeratur
962 2016 1113 2079 major
1134 2032 1359 2063 numerus
1382 2032 1441 2063 ex
1463 2015 1646 2063 minore
1670 2014 2060 2071 substrahendus,
2080 2015 2314 2063 minorem
2331 2014 2503 2062 nihilo-

573 2102 728 2151 minus
751 2119 934 2167 semper
956 2120 1014 2151 ex
1036 2104 1227 2167 majore,
1261 2120 1347 2167 per
1368 2103 1676 2167 praemissam,
1703 2103 1976 2152 substrahes
1998 2124 2010 2163 ;
2051 2105 2231 2160 verum,
2257 2104 2503 2152 residuum

572 2190 846 2239 minutionis
869 2192 1036 2256 copula
1057 2192 1358 2256 praenotabis,
1385 2199 1432 2240 et
1455 2192 1567 2240 inde
1589 2209 1816 2240 numerus
1840 2192 2100 2241 defectivus
2124 2192 2318 2241 orietur.

832 2280 903 2329 Ut
933 2280 1027 2328 sint
1058 2281 1406 2329 substrahenda
1439 2280 1698 2329 10618418
1730 2299 1789 2330 ex
1821 2281 2030 2339 863556,
2056 2282 2154 2338 fiat,
2182 2299 2269 2346 per
2290 2283 2501 2347 praemis-

766 2384 880 2424 sam,
913 2369 1197 2417 substractio
1220 2369 1389 2417 horum
1413 2387 1471 2417 ex
1494 2369 1603 2427 illis,
1638 2377 1686 2418 et
1712 2370 1995 2434 provenient
2024 2371 2103 2433 (ut
2125 2370 2178 2418 in
2200 2372 2500 2435 praecedente

767 2456 1004 2520 exemplo)
1022 2457 1263 2514 9754862‚
1282 2475 1401 2521 quae,
1424 2475 1652 2507 conversa
1672 2458 1725 2506 in
1747 2459 2047 2517 -9754862
2065 2459 2367 2517 defectivum,
2389 2470 2501 2509 sunt

768 2544 983 2592 residuus
1017 2562 1242 2594 numerus
1278 2546 1537 2610 quaesitus3
1584 2554 1637 2596 ut
1674 2548 1734 2596 de
1772 2547 2122 2611 quantitatibus
2151 2547 2412 2618 defectivis,
2448 2549 2499 2596 in

768 2648 954 2693 genere,
988 2633 1202 2697 superius
1232 2634 1454 2692 diximus,
1485 2635 1595 2684 Lib.
1623 2635 1664 2684 Ι.
1689 2653 1792 2701 cap.
1819 2636 1864 2686 6.

1311 2872 1582 2927 CAPUT
1635 2873 1746 2928 III.

986 3025 1062 3065 DE
1092 3026 1635 3070 MULTIPLICATIONE
1666 3032 2075 3072 INTEGRORUM.

637 3160 691 3208 M
699 3178 1051 3212 υιτιΡιιοΛἸ-ιο
1075 3172 1158 3213 aut
1181 3172 1252 3213 est
1273 3181 1359 3229 per
1382 3166 1585 3224 unicam,
1612 3176 1694 3217 aut
1716 3169 1876 3234 plures
1899 3170 2092 3235 figuras.

637 3247 974 3313 Multiplicatio
996 3268 1083 3316 per
1105 3252 1309 3310 unicam,
1335 3261 1418 3302 aut
1440 3262 1511 3303 est
1535 3256 1674 3305 unius
1699 3265 1782 3306 aut
1803 3258 2029 3322 plurium.
