2878 3900
497 583 552 623 62

1107 573 1194 616 DE
1228 569 1401 615 ARTE
1434 563 1809 611 LOGISTICA.

696 740 781 789 per
814 722 915 771 haec
947 717 1210 782 multiplica
1243 719 1354 770 998,
1389 718 1669 777 provenient
1698 711 2010 763 998000000,
2043 721 2249 770 quarum
2272 708 2427 751 extra-

695 810 837 859 hatur
871 805 1141 871 tripartiens
1175 801 1328 858 radix,
1366 807 1420 849 ut
1452 801 1480 847 ῑι
1512 797 1743 862 margine,
1782 803 1830 845 et
1864 812 1922 844 ea
1954 794 2248 859 producetur
2283 792 2426 855 quam

777 976 925 1018 997001

724 1026 853 1075 ”ml

697 1078 932 1177 amm
837 1192 848 1203 ‚

695 1208 775 1313 ”9
828 1207 853 1246 9
906 1207 931 1245 9

697 1319 852 1365 mm

720 1370 930 1418 26193999

1002 891 1214 958 proxime
1238 895 1350 946 999,
1377 906 1484 953 quae

1002 979 1195 1044 (spretis
1234 979 1336 1042 jam
1376 975 1484 1025 reli-

1002 1066 1126 1132 quiis
1150 1066 1371 1128 997001)
1399 1081 1485 1129 per

999 1155 1201 1203 electum
1231 1169 1484 1201 numerum
1576 1164 1580 1169 ·

1006 1248 1098 1291 100
1170 1240 1478 1307 partiantur3

1000 1329 1244 1396 proveniet
1371 1327 1483 1376 inde

1000 1421 1145 1486 91909152
1181 1434 1268 1483 pro
1298 1416 1482 1465 minore

1000 1506 1215 1562 termino,
1275 1512 1323 1553 et
1372 1506 1481 1566 (nu-

998 1602 1231 1643 meratore
1298 1592 1481 1641 unitate

999 1684 1162 1746 aucto)
1193 1682 1336 1748 Qssss,
1375 1698 1481 1745 quae

999 1778 1108 1818 sunt
1147 1776 1220 1827 10,
1263 1786 1350 1834 pro
1390 1750 1483 1816 ter-⁵

996 1857 1125 1906 mino
1142 1859 1333 1922 majore.
1383 1856 1478 1904 Ita-

996 1965 1101 2010 que,
1150 1948 1328 2011 absque
1374 1963 1477 2010 per-

993 2036 1205 2101 ceptibili
1300 2052 1474 2092 errore,

993 2127 1137 2192 9190962
1168 2126 1242 2174 vel
1271 2131 1344 2183 10,
1379 2125 1476 2173 dici

991 2223 1186 2279 possunt
1220 2215 1358 2264 radix
1393 2215 1475 2263 tri-

989 2303 1199 2368 partiens
1286 2303 1475 2352 numeri

1984 939 2035 978 90

1716 994 1768 1033 90
1984 992 2008 1027 3

1659 1047 1768 1106 —90
1927 1043 2034 1093 τῇ
2251 1052 2297 1087 ει

1663 1109 1767 1145 8100
1957 1107 2002 1143 81
2278 1105 2302 1144 9

1689 1162 1713 1198 3
1926 1157 2035 1209 Ἦ
2195 1156 2303 1208 ‘W

1635 1226 1766 1262 24300
1902 1220 1980 1259 216

1688 1279 1713 1318 9
1902 1285 2033 1325 21870

1608 1339 1777 1380 218700.
1807 1337 2001 1389 Supplem.
2018 1335 2134 1388 primi
2163 1335 2287 1386 prima
2315 1347 2417 1385 pars.

1635 1391 1778 1433 21870.
1809 1390 1986 1430 Secunda
2002 1402 2104 1441 pars.

1687 1444 1778 1487 729.
1809 1443 1945 1481 Tertia
1962 1456 2064 1493 pars.

1608 1507 1779 1547 241299.
1809 1505 1954 1542 Totum
1974 1502 2096 1553 suppl.
2113 1502 2233 1552 prius.

1660 1629 1738 1669 990

1659 1681 1738 1721 990
2007 1680 2086 1722 990

1632 1746 1763 1786 89100
1977 1733 2085 1791 -Ξ,

1606 1798 1677 1839 891
1978 1795 2084 1836 2970
2247 1795 2291 1831 81

1603 1861 1762 1902 980100
2004 1848 2049 1884 81
2221 1849 2298 1904 ,,2

1684 1915 1708 1951 3
1974 1900 2085 1952 2970
2218 1910 2296 1952 729

1576 1978 1761 2019 2940300
1927 1962 2031 2004 2376

1683 2032 1707 2071 9
1923 2025 2082 2067 240570

1549 2092 1771 2134 26462700.
1800 2090 2034 2130 Posterioris
2053 2103 2162 2142 supp.
2179 2089 2306 2141 prima
2323 2102 2423 2140 pars.

1601 2144 1770 2187 240570.
1800 2143 1976 2183 Secunda
1993 2157 2097 2195 pars.

1679 2198 1769 2240 729.
1800 2196 1938 2235 Tertia
2027 2211 2057 2234 s.

1546 2259 1769 2301 26703999.
1800 2257 1945 2296 Totum
1962 2256 2154 2309 posterius
2173 2255 2296 2307 suppl.

990 2397 1085 2446 998
1140 2392 1326 2452 oblati;
1397 2391 1524 2441 inter
1568 2391 1655 2440 hos
1702 2391 1830 2440 enim
1876 2390 2107 2439 terminos
2153 2389 2417 2439 arctissime

991 2480 1264 2529 includitur.

555 2655 626 2703 Hi
658 2654 801 2711 modi,
839 2655 953 2719 quia
982 2656 1164 2704 radices
1194 2656 1492 2721 imperfectas
1522 2673 1620 2705 non
1651 2654 1920 2721 perficiunt,
1954 2654 2039 2702 sed
2068 2653 2212 2702 nimis
2242 2653 2414 2719 imper-

486 2745 629 2792 fectas
674 2743 896 2799 reddunt,
942 2743 1237 2792 Mechanicis
1276 2745 1428 2809 magis
1473 2746 1615 2809 quam
1657 2741 2021 2793 Mathematicis
2066 2741 2271 2807 placent.
2344 2742 2414 2791 Ut

486 2848 587 2895 cap.
614 2837 645 2878 4
675 2830 783 2879 Lib.
812 2830 852 2878 I.
881 2830 1102 2879 diximus.

550 2919 821 2967 Geometrae
856 2935 969 2983 ergo
998 2919 1073 2967 his
1101 2920 1323 2970 radicatis
1352 2922 1576 2979 numeris,
1611 2922 1796 2970 radices
1826 2938 1923 2970 non
1954 2920 2257 2978 habentibuS,
2294 2938 2413 2986 prae-

486 3014 665 3069 ponunt
695 3006 882 3071 signum
915 3006 1090 3055 radicis
1122 3007 1306 3056 debitae.
1375 3009 1519 3058 Unde
1549 3027 1608 3059 ex
1637 3009 1714 3058 his
1744 3010 1816 3058 ita
1845 3008 2047 3074 signatis
2074 3008 2229 3058 oritur
2255 3008 2413 3073 prima

484 3093 658 3157 species
685 3094 1077 3157 geometricorum
1104 3111 1423 3153 numerorum,
1457 3114 1599 3160 quam
1630 3097 1877 3146 uninomia
1904 3105 2089 3146 vocant.

743 3181 813 3230 Ut
846 3181 1143 3247 superiorum
1177 3183 1526 3247 duplicatorum
1564 3184 1771 3243 164860,
1814 3193 1862 3234 et
1895 3191 1975 3242 50,
2017 3202 2115 3234 non
2148 3184 2409 3234 extrahunt

678 3268 862 3318 radices
895 3270 1206 3335 bipartientes
1247 3272 1388 3336 (quia
1424 3273 1578 3323 nullas
1617 3275 1814 3339 praecise
1854 3274 2034 3325 habent
2065 3274 2118 3324 in
2151 3274 2404 3338 numeris),
