2878 3900
528 546 582 586 ⁴6
1138 533 1225 576 DE
1258 528 1433 575 ARTE
1467 525 1846 571 LOGISTICA.

799 682 868 732 Ut
885 681 926 729 si
943 679 1079 728 radix
1099 676 1257 725 oblata
1272 678 1334 721 85
1353 670 1628 720 radicaliter
1645 668 1951 733 duplicanda,
1973 675 2196 717 secentur
2214 668 2265 716 in
2283 678 2459 734 parteS,

724 769 928 835 priorem
961 771 1039 821 30,
1081 760 1388 827 posteriorem
1421 764 1486 817 53
1536 758 1631 805 duc
1665 761 1731 804 30
1764 755 1815 803 in
1850 762 1896 812 5,
1939 755 2057 804 fient
2096 761 2206 814 150,
2253 774 2458 821 quorum

727 855 924 920 duplum
950 860 1019 900 est
1047 855 1176 908 8003
1220 847 1393 911 quibus
1425 846 1547 894 adde
1578 844 1875 909 duplicatum
1904 848 1973 893 30
2002 850 2049 891 et
2081 843 2383 908 duplicatum
2410 852 2456 902 5,
2504 846 2507 848 ’

726 960 831 1008 quae
854 948 963 989 sunt
985 944 1095 993 900,
1117 944 1164 985 et
1185 941 1263 992 25,
1284 935 1493 998 fientque
1516 938 1656 990 1225,
1678 932 1976 997 duplicatum
2001 931 2147 981 totius
2169 934 2360 982 numeri
2378 938 2457 982 35.

726 1029 829 1078 Nec
852 1043 984 1075 secus
1007 1023 1190 1073 eveniet
1213 1039 1272 1071 ex
1295 1022 1443 1070 ductu
1466 1026 1531 1070 35
1554 1021 1605 1069 in
1627 1025 1707 1069 35.
1780 1020 1905 1069 Item
1929 1020 1970 1068 si
1992 1028 2279 1085 prorogetur
2303 1021 2459 1078 radix,

722 1117 783 1165 sit
806 1120 935 1173 3523
974 1113 1069 1161 sint
1099 1119 1271 1176 partes,
1305 1110 1437 1175 prior
1460 1114 1572 1166 350,
1606 1108 1842 1173 posterior
1867 1114 1931 1169 23
1974 1109 2068 1157 duc
2090 1109 2311 1166 invicem,
2346 1110 2462 1158 fient

721 1210 831 1262 700,
852 1218 1054 1266 quorum
1071 1200 1271 1264 duplum
1295 1206 1365 1247 est
1387 1203 1544 1257 1400;
1583 1197 1757 1261 quibus
1782 1198 1905 1245 adde
1930 1197 2230 1261 duplicatum
2255 1203 2301 1254 2,
2328 1199 2459 1262 quod

718 1299 787 1341 est
816 1297 861 1347 4,
895 1298 942 1338 et
973 1289 1270 1353 duplicatum
1300 1292 1398 1336 350
1429 1286 1646 1351 superius
1677 1286 1941 1343 inventum,
1976 1287 2106 1350 quod
2128 1294 2200 1335 est
2228 1292 2457 1346 122500;

718 1387 839 1428 etex
857 1377 931 1425 his
951 1376 1103 1426 tribus
1121 1376 1332 1433 summis,
1358 1381 1564 1432 122500,
1591 1381 1730 1432 1400,
1752 1383 1799 1424 et
1817 1382 1862 1432 4,
1886 1375 2078 1432 additis,
2099 1376 2222 1424 fiunt
2250 1381 2455 1433 123904,

720 1467 1013 1531 duplicatum
1044 1465 1297 1529 quaesitum
1329 1464 1506 1513 radicis
1529 1469 1641 1512 352.
1714 1464 1947 1529 Experire
1975 1465 2340 1529 multiplicando
2363 1471 2463 1515 352

720 1555 769 1603 in
787 1559 897 1611 352,
918 1562 964 1602 et
982 1554 1110 1602 idem
1126 1553 1353 1601 invenies.
1406 1553 1587 1601 Eodem
1610 1553 1754 1601 modo
1776 1554 2074 1617 operandum
2098 1554 2221 1602 foret
2244 1554 2295 1602 in
2321 1571 2461 1618 quar-

722 1652 818 1692 tam
850 1660 996 1707 usque
1030 1642 1249 1706 figuram,
1287 1642 1505 1705 foretque
1536 1646 1682 1691 3521.
1754 1642 1831 1690 Ex
1862 1642 2116 1691 anterioris
2146 1643 2298 1707 partis
2331 1648 2465 1692 3520

723 1731 961 1795 duplicato
983 1732 1085 1795 jam
1115 1729 1282 1779 habito
1310 1734 1583 1787 12390400,
1615 1737 1663 1778 et
1685 1730 1947 1794 posteriore
1970 1738 2107 1795 parte
2135 1737 2177 1789 1,
2205 1732 2465 1781 habebitur

727 1823 995 1876 12397441,
1022 1817 1320 1882 duplicatum
1344 1817 1490 1866 totius
1512 1817 1716 1874 numeri,
1744 1835 1828 1866 seu
1850 1818 2043 1876 radicis,
2070 1823 2216 1868 3521.

595 1996 678 2043 Est
701 1995 844 2044 etiam
868 2003 913 2043 ct
937 1995 1031 2043 alia
1052 1994 1278 2043 radicalis
1302 1994 1638 2059 triplicationis
1662 1995 1825 2059 praxis
1845 2016 1858 2055 ;
1896 1994 2141 2054 nimirum,
2175 1997 2390 2045 radicem
2413 1997 2464 2045 in

527 2083 643 2131 duas
674 2061 831 2147 partes
861 2083 1077 2139 secando,
1110 2090 1158 2131 et
1187 2082 1386 2147 triplum
1417 2083 1568 2147 partis
1598 2084 1830 2148 cujusque
1859 2083 1911 2132 in
1941 2084 2140 2133 alterius
2165 2085 2464 2150 duplicatum

527 2172 754 2228 ducendo,
787 2179 833 2220 et
863 2171 1072 2236 singulas
1102 2179 1262 2236 partes
1292 2171 1615 2236 triplicando3
1659 2189 1718 2220 ex
1749 2172 1826 2221 his
1855 2173 1984 2221 enim
2019 2181 2227 2237 quatuor
2262 2174 2460 2222 summis

530 2259 716 2316 additis,
743 2259 1022 2323 producitur
1043 2259 1219 2308 radicis
1243 2260 1413 2309 oblatae
1437 2260 1747 2324 triplicatum.

790 2348 860 2396 Ut
883 2348 943 2396 sit
966 2348 1105 2396 radix
1123 2348 1283 2397 oblata
1298 2353 1362 2396 35
1382 2349 1658 2397 radicaliter
1681 2349 1983 2414 triplicanda‚
2011 2358 2232 2399 secentur
2251 2359 2303 2400 ut
2321 2368 2468 2415 supra

725 2435 777 2483 in
800 2443 956 2499 partes
979 2441 1044 2484 30
1066 2444 1113 2485 et
1135 2443 1166 2485 5
1188 2458 1201 2496 3
1240 2438 1334 2486 duc
1357 2437 1556 2501 triplum
1570 2435 1625 2494 '5,
1652 2438 1782 2501 quod
1804 2445 1876 2486 est
1898 2443 1972 2495 15,
1993 2438 2045 2486 in
2067 2439 2366 2503 duplicatum
2384 2444 2463 2495 30,

728 2524 855 2586 quod
877 2531 947 2572 est
970 2530 1066 2578 900
1086 2545 1099 2585 ;
1137 2532 1186 2574 et
1208 2525 1406 2590 triplum
1422 2529 1502 2582 30,
1530 2526 1660 2588 quod
1676 2532 1748 2574 est
1766 2531 1844 2582 90,
1870 2525 1922 2574 in
1946 2526 2247 2590 duplicatum
2267 2534 2313 2584 5,
2335 2529 2467 2591 quod

730 2619 800 2659 est
832 2617 893 2660 25
914 2632 927 2671 ;
965 2621 1013 2661 et
1041 2613 1164 2662 fiunt
1193 2613 1279 2661 illa
1303 2618 1478 2670 13500,
1512 2613 1618 2662 haec
1646 2615 1760 2662 vero
1792 2619 1957 2674 2250;
1994 2614 2169 2663 deinde
2192 2616 2469 2665 radicaliter

731 2698 1029 2763 triplicentur
1051 2706 1130 2758 30,
1165 2709 1213 2750 et
1239 2702 1362 2749 fiunt
1385 2706 1550 2759 27000
1570 2722 1583 2761 ;
1622 2701 1900 2750 radicaliter
1922 2702 2068 2751 etiam
2091 2703 2396 2768 triplicentur
2418 2711 2464 2761 5,

732 2794 779 2834 et
802 2786 917 2835 fient
943 2793 1034 2836 125
1057 2810 1070 2848 ;
1109 2806 1168 2836 ex
1195 2788 1271 2836 his
1298 2806 1413 2853 ergo
1436 2797 1643 2853 quatuor
1669 2790 1881 2847 summis,
1912 2795 2085 2848 13500,
2113 2797 2258 2849 2250,
2285 2798 2464 2850 27000,

733 2880 780 2921 et
803 2879 908 2931 125,
930 2875 1121 2932 additis,
1142 2876 1265 2924 fiunt
1281 2881 1459 2934 42875,
1481 2876 1653 2925 oblatae
1675 2877 1855 2926 radicis
1879 2877 2174 2942 triplicatum
2197 2880 2466 2943 quaesitum.

738 2961 967 3026 Experire
997 2980 1083 3027 per
1112 2963 1558 3028 multiplicationem
1587 2965 1914 3014 continuatam
1943 2971 2023 3024 35,
2056 2971 2135 3024 35,
2167 2975 2215 3016 et
2243 2972 2322 3025 35,
2350 2968 2469 3017 invi-

736 3066 852 3106 cem,
872 3050 987 3098 etin
1005 3050 1132 3099 idem
1149 3050 1345 3100 incides.
1410 3051 1640 3100 Similiter
1662 3053 1703 3100 si
1725 3053 1806 3101 hic
1827 3061 2111 3119 prorogetur
2131 3055 2286 3113 radix,
2313 3056 2470 3121 sitque

736 3141 827 3185 351
853 3158 866 3197 ;
903 3138 1175 3202 partiantur
1198 3138 1248 3187 in
1272 3139 1558 3188 anteriorem
1580 3149 1765 3204 partem
1788 3147 1899 3200 350,
1931 3150 1978 3191 et
2001 3143 2312 3208 posteriorem
2341 3151 2382 3202 1,
2409 3162 2469 3193 ex

736 3224 921 3288 quibus,
953 3227 1095 3276 modo
1123 3227 1335 3292 praefato,
1368 3228 1566 3278 habebis
1589 3229 1675 3278 has
1699 3238 1904 3294 quatuor
1934 3249 2156 3291 summas,
2186 3239 2466 3293 42875000,
