2878 3900
1025 487 1114 529 DE
1148 487 1325 529 ARTE
1360 487 1744 530 LOGISTICA.
2303 493 2356 530 33

476 633 823 698 Multiplicatio
855 634 995 683 unius
1026 653 1112 699 per
1142 635 1347 692 unicam,
1382 652 1466 683 seu
1494 635 1792 699 singularum
1815 650 1902 698 per
1925 634 2152 698 singulas,
2178 651 2353 682 memo-

407 724 537 780 riter,
565 741 624 771 ex
648 725 860 788 subjecta
883 725 1059 781 tabula,
1087 724 1317 773 discenda
1339 732 1410 772 est
1434 725 1576 788 quam
1599 723 1968 788 promptissime.

734 864 756 897 9
808 865 830 897 s
883 864 904 900 7
959 863 981 897 6
1032 865 1055 897 5
1106 865 1193 897 43
1248 866 1341 897 21

628 942 1363 1007 L—9—SL-e—5—43-3L
1553 947 1622 995 Ut
1660 947 1715 1004 si,
1765 947 1884 1011 quid
1921 955 2048 1005 ex7
2089 947 2353 995 et8invi-

649 1025 1055 1058 21816141210
1106 1026 1194 1058 86
1246 1027 1269 1059 4

1476 1053 1579 1084 cem
1633 1035 1963 1100 multiplicatis
2021 1035 2218 1092 oriatur,
2282 1037 2352 1083 in-

627 1163 1212 1168 ————————
1477 1133 1749 1190 terrogatur
1775 1129 1794 1174 ?
1881 1126 2059 1183 Quaere
2123 1127 2353 1189 majorem

627 1244 1138 1249 -------
1478 1219 1523 1269 8,
1563 1213 1744 1261 scilicet
1774 1213 1825 1260 in
1857 1217 2092 1277 suprema,
2127 1221 2174 1262 et
2203 1214 2353 1261 mino-

627 1323 1064 1329 ——————
1476 1318 1579 1349 rem
1612 1308 1643 1358 7
1679 1301 1731 1348 in
1766 1301 2000 1349 sinistima
2033 1301 2172 1358 linea,
2215 1310 2262 1349 et
2300 1302 2353 1349 in

626 1405 689 1463 “7-
703 1405 763 1460 ὦ
777 1404 838 1459 5-6
852 1404 915 1459 ᾖ
926 1404 989 1408 —
1477 1390 1654 1454 angulo
1709 1390 1951 1438 communi
2006 1391 2216 1439 offendes
2270 1390 2349 1446 56,

626 1485 689 1540 ἶ
702 1485 764 1544 ἦ
776 1484 837 1539 ᾗ
852 1483 915 1488 ““
1478 1477 1754 1542 multiplum
1786 1486 2016 1542 optatum.

649 1589 671 1621 9
708 1590 751 1621 81

474 1699 669 1749 Oblitus
698 1701 910 1766 multipli
937 1702 1161 1766 producti
1183 1720 1243 1750 ex
1266 1703 1453 1751 duabus
1484 1702 1745 1766 majoribus
1775 1701 2140 1765 quibuscunque
2172 1702 2353 1766 figuris,

405 1806 572 1837 earum
595 1791 622 1837 a
645 1790 845 1839 denario
867 1791 1080 1840 defectus
1098 1791 1304 1840 invicem
1320 1791 1603 1856 multiplica,
1625 1790 1967 1855 provenietque
1984 1791 2142 1855 figura
2159 1790 2358 1838 dextimi

406 1879 499 1927 loci
519 1900 532 1939 ;
571 1880 745 1929 deinde
768 1880 1004 1930 minorem
1032 1881 1272 1930 defectum
1296 1882 1322 1927 a
1345 1881 1530 1929 minore
1554 1881 1722 1945 figura,
1751 1888 1833 1929 aut
1856 1882 2086 1945 majorem
2110 1882 2137 1927 a
2159 1881 2353 1943 majore,

406 1969 605 2026 auferto,
632 1970 902 2019 remanebit
923 1970 1082 2035 figura
1104 1970 1355 2027 sinistima,
1381 1971 1671 2034 complentes
1696 1969 1964 2033 quaesitum.

885 2060 956 2109 Ut
980 2060 1020 2108 si
1044 2060 1220 2109 oblitus
1245 2060 1309 2108 sis
1334 2067 1568 2123 quantum
1592 2059 1764 2123 septies
1785 2064 1828 2115 8,
1851 2059 1925 2107 vel
1943 2059 2099 2122 (quod
2115 2059 2243 2106 idem
2261 2061 2357 2122 est)

625 2186 648 2220 8
696 2186 719 2220 2
815 2148 961 2196 octies
984 2155 1031 2207 7,
1065 2149 1325 2206 effecerint,
1365 2166 1530 2197 earum
1565 2150 1592 2196 a
1626 2147 1823 2196 denario
1858 2147 2071 2196 defectus
2094 2152 2126 2195 3
2149 2155 2196 2195 et
2225 2154 2256 2194 Q
2287 2147 2356 2194 in-

622 2212 720 2298 ἶὲἕ
815 2235 967 2284 vicem
988 2235 1270 2300 multiplica,
1296 2243 1343 2284 et
1361 2235 1642 2300 provenient
1661 2235 1705 2292 6,
1727 2235 1885 2299 figura
1900 2234 2114 2283 dextima
2133 2254 2146 2294 ;
2185 2234 2357 2282 deinde

621 2317 644 2352 5
813 2323 948 2371 aufer
979 2329 1010 2371 Q
1038 2325 1065 2371 a
1094 2330 1141 2382 7,
1179 2324 1255 2372 vel
1278 2329 1310 2372 3
1334 2325 1395 2373 ab
1420 2329 1465 2380 8,
1500 2331 1547 2371 et
1573 2324 1824 2372 restabunt
1847 2329 1893 2379 5,
1926 2323 2084 2387 figura
2106 2323 2353 2371 sinistima.

814 2413 988 2476 Itaque
1011 2412 1076 2460 56
1101 2420 1213 2461 sunt
1235 2412 1491 2476 quaesitum
1513 2412 1789 2476 multiplum
1813 2429 1872 2459 ex
1894 2418 1926 2469 ’7
1950 2419 1998 2459 et
2022 2417 2066 2459 8.

474 2589 900 2655 Multiplicationis
923 2590 1137 2655 plurium
1160 2607 1247 2654 per
1272 2590 1463 2638 unicam
1481 2597 1580 2638 tam
1599 2590 1717 2638 situs
1736 2591 1880 2654 quam
1898 2589 2113 2654 operatio
2131 2591 2157 2636 a
2176 2590 2354 2637 dextris

406 2679 608 2736 orditur,
651 2679 955 2744 procedendo
992 2679 1161 2727 ordine
1197 2680 1451 2728 laevorsum
1473 2699 1486 2739 ;
1539 2696 1594 2727 ac
1634 2678 2011 2743 multiplicando,
2056 2678 2214 2734 etiam,
2259 2678 2355 2725 sive

408 2785 553 2832 supra
586 2768 686 2816 sive
716 2775 827 2816 ante
856 2767 1260 2838 multiplicantem
1291 2765 1564 2825 Constituto,
1609 2769 1698 2817 sub
1738 2775 1941 2831 utroque
1982 2767 2175 2815 ducitur
2214 2767 2352 2813 linea.

410 2857 758 2921 Multiplicatio
779 2856 994 2921 plurium
1016 2874 1104 2921 per
1126 2857 1318 2906 unicam
1343 2857 1438 2906 tria
1460 2857 1606 2906 habet
1628 2857 1681 2905 in
1704 2857 1979 2922 operatione
2002 2864 2252 2921 praecepta.

477 2946 692 2994 Primum
723 2953 807 3002 est,
849 2953 903 2993 ut
939 2945 1152 2994 dextima
1186 2947 1344 3011 figura
1371 2964 1458 3011 per
1488 2947 1652 2995 datam
1683 2946 1874 2995 unicam
1909 2945 2265 3008 multiplicetur,
2306 2954 2353 2991 et

405 3035 617 3099 multipli
656 3034 805 3084 unica
838 3035 1008 3099 figura,
1047 3035 1124 3083 vel
1160 3036 1345 3084 dextra.
1366 3036 1440 3099 (si
1468 3037 1577 3085 duae
1612 3036 1745 3099 sint),
1785 3037 2097 3093 subnotetur,
2142 3034 2347 3089 sinistra,

407 3134 581 3182 autem,
609 3124 650 3172 si
673 3124 879 3188 quaesit,
907 3124 1068 3172 animo
1090 3132 1373 3174 reservetur.

474 3215 746 3263 Secundum
770 3220 854 3270 est,
878 3220 930 3260 ut
953 3213 1110 3278 figura
1131 3213 1248 3270 haec,
1271 3214 1432 3262 animo
1455 3222 1698 3262 reservata
1715 3213 1779 3276 (si
1803 3230 1910 3275 quae
1935 3212 2035 3275 sit),
2057 3213 2264 3260 addatur
2288 3213 2350 3259 ad

1358 3319 1387 3350 E
