2878 3900
1009 492 1099 536 DE
1133 492 1310 537 ARTE
1345 491 1728 537 LOGISTICA.

2294 497 2348 540 57

596 656 706 688 cum
730 656 816 688 suo
840 640 1184 705 supplemento,
1212 641 1281 689 sic
1304 647 1580 705 quaeratur:
1620 638 2001 703 supplementum
2025 638 2341 703 tripartientis

594 728 772 777 radicis
801 729 886 791 (ex
912 728 1069 793 prima
1102 729 1289 793 tabula)
1313 735 1499 777 constat
1522 727 1676 776 tribus
1697 726 1931 792 partibuS,
1958 743 2164 791 quarum
2186 728 2343 792 prima

658 887 709 923 20

601 939 709 996 „Q

628 1003 707 1040 400
1030 1004 1082 1040 20
1217 1005 1241 1040 3

600 1057 709 1113 .3-
1028 1057 1082 1115 3-
1214 1056 1242 1113 ἓ

606 1119 707 1156 1200
1029 1117 1081 1157 60
1216 1121 1241 1160 9

600 1173 710 1229 3—
974 1174 1083 1230 -9-

602 1233 719 1273 3600.
789 1234 921 1272 Prima
1002 1238 1093 1274 540.
1118 1233 1295 1295 Secunda

653 1299 743 1339 pars
778 1300 920 1339 prioris
1028 1301 1118 1339 pars
1149 1300 1292 1338 prlorls

654 1339 920 1391 supplementi.
1024 1339 1293 1393 supplementi.

682 1519 706 1554 3

650 1571 705 1629 .Ξ
975 1580 1079 1620 3600

679 1636 704 1674 9
999 1636 1079 1673 540

681 1688 705 1724 3
1027 1686 1078 1728 27

649 1739 716 1790 2—7.
779 1749 918 1789 Tertia
969 1739 1089 1793 W.
1146 1750 1291 1789 Totum

651 1816 742 1853 pars
774 1803 917 1855 prioris
1011 1804 1118 1856 prius
1137 1804 1289 1856 supple-

651 1855 919 1907 supplementi.
1014 1863 1196 1896 mentum.

889 2087 996 2132 4810

861 2139 1073 2214 1ᾎ9Άη87ῤ

890 2218 915 2253 2
970 2219 994 2255 3

886 2279 912 2325 8

886 2331 991 2378 4161

648 2528 724 2565 230

646 2581 723 2618 230

645 2643 697 2687 69
1019 2647 1097 2684 230

618 2696 670 2735 46
989 2701 1098 2758 -3-

617 2763 750 2803 52900
1018 2761 1096 2804 690

673 2817 697 2852 3
1019 2817 1068 2854 25

596 2877 750 2919 158700
991 2880 1067 2918 345

671 2933 695 2970 5
969 2933 1043 2969 138

590 2993 759 3036 793500.
779 2993 912 3033 Prima
969 2994 1110 3036 17250.
1137 2996 1282 3034 Secun-

642 3060 733 3098 pars
745 3047 909 3099 posteri·
1018 3047 1069 3086 da
1086 3061 1176 3100 pars
1193 3061 1281 3101 pos-

642 3099 721 3138 oris
758 3100 910 3152 supple·
1016 3100 1173 3140 terioris
1192 3115 1281 3154 sup·

642 3153 773 3192 menti.
1016 3153 1213 3205 plementi.

1395 818 1450 866 fit
1485 835 1545 865 ex
1578 816 1723 881 triplo
1758 815 1992 880 duplicati
2026 818 2339 880 praecedentis

1395 905 1715 971 multiplicato
1795 922 1882 970 per
1963 907 2296 955 succedentem
2322 930 2334 967 ;

1397 997 1525 1045 unde
1576 995 1806 1060 sequitur,
1867 995 1909 1043 si
1959 1000 2105 1054 4977,
2177 1014 2338 1062 supra

1396 1084 1587 1150 scripta,
1636 1084 1966 1133 dividerentur
2008 1102 2096 1149 per
2140 1085 2339 1150 triplum

1396 1173 1630 1237 duplicati
1667 1173 1995 1237 praecedentiS,
2039 1174 2220 1223 scilicet
2253 1193 2339 1239 per

1395 1262 1594 1326 triplum
1634 1268 1747 1319 400,
1800 1263 1930 1326 quod
1969 1270 2040 1311 est
2081 1269 2221 1321 1200,
2278 1267 2338 1313 de

1395 1352 1678 1400 succedente
1714 1351 1849 1400 dabit
1888 1358 2061 1415 quotus
2102 1355 2336 1417 conjectu-

1394 1457 1532 1501 ram3
1587 1441 1844 1489 succedens
1885 1440 2013 1488 enim
2053 1441 2336 1505 plerumque

1394 1538 1466 1578 est
1511 1536 1594 1578 aut
1638 1529 1754 1577 huic
1799 1536 1945 1592 quoto
1991 1530 2202 1593 aequalis,
2255 1540 2336 1579 aut

1394 1618 1578 1667 unitate
1613 1636 1669 1667 eo
1700 1618 1891 1678 minor;
1940 1618 1981 1665 si
2011 1618 2175 1682 itaque
2205 1625 2336 1678 4977

1393 1725 1479 1774 per
1546 1713 1674 1756 1200
1735 1706 2046 1771 partirentur,
2118 1714 2150 1755 4
2215 1709 2335 1757 foret

1393 1804 1566 1862 quotus
1607 1804 1654 1845 et
1694 1797 1991 1856 succedens3
2053 1804 2102 1845 at
2148 1806 2335 1861 quater-

1390 1883 1517 1932 narii
1551 1883 1935 1948 supplementum
1958 1890 2029 1931 est
2051 1888 2196 1940 5824,
2229 1902 2334 1948 quae

1391 1970 1629 2018 excedunt
1674 1974 1843 2028 4977,
1903 1970 2079 2033 rejecto
2125 1987 2238 2035 ergo
2283 1978 2329 2027 4,

1391 2059 1623 2124 eligamus
1668 2063 1714 2115 3,
1776 2075 1980 2122 quorum
2037 2060 2331 2124 supplemen-

1391 2156 1494 2197 tum
1546 2155 1617 2196 est
1662 2146 1793 2205 4167
1840 2148 1976 2210 (nam
2020 2153 2148 2196 1200
2188 2150 2333 2197 ducta

1388 2254 1476 2302 per
1505 2242 1551 2294 3,
1595 2243 1643 2285 et
1674 2243 1746 2284 ter
1780 2240 1811 2284 3
1847 2236 1993 2284 ducta
2024 2253 2111 2300 per
2141 2244 2214 2285 ter
2249 2244 2327 2293 20,

1389 2334 1437 2375 et
1459 2325 1758 2390 triplicatum
1780 2329 1825 2381 3,
1860 2332 2122 2390 aggregata
2148 2325 2330 2374 faciunt

1388 2416 1578 2480 4167);
1616 2414 1692 2463 his
1716 2432 1776 2463 ex
1797 2419 1929 2472 4977
1953 2414 2138 2472 ablatis,
2171 2433 2330 2482 super-

1388 2511 1498 2552 sunt
1526 2503 1607 2552 hic
1639 2509 1749 2560 810,
1789 2510 1836 2551 et
1865 2502 1918 2550 in
1951 2502 2202 2567 periodum
2239 2511 2329 2552 ter-

1387 2593 1505 2642 tiam
1556 2597 1767 2652 810875,
1819 2599 1867 2640 et
1920 2596 2018 2640 230
2063 2593 2166 2657 jam
2218 2602 2329 2641 sunt

1384 2683 1553 2748 figurae
1626 2682 1956 2747 praecedentis.
2051 2683 2329 2740 Quaerenda

1384 2778 1533 2820 restat
1606 2771 1863 2819 succedens
1939 2770 1991 2818 in
2064 2771 2327 2819 dextimum

1383 2867 1618 2925 punctum
1644 2859 1880 2908 locanda:
1920 2877 1990 2916 ea,
2017 2859 2163 2907 simili
2184 2861 2325 2909 modo

1384 2965 1480 3013 quo
1512 2948 1775 3013 praemissa,
1813 2947 2114 3008 invenietur;
2159 2955 2324 3013 estque

1382 3044 1429 3095 5,
1457 3038 1592 3102 cujus
1616 3036 2000 3102 supplementum
2028 3043 2099 3084 est
2128 3023 2323 3095 810875

1383 3128 1521 3190 (nam
1560 3126 1758 3191 triplum
1801 3124 2034 3190 duplicati
2073 3129 2171 3174 230
2210 3126 2322 3174 duc-

1384 3223 1488 3264 tum
1532 3232 1619 3279 per
1662 3221 1709 3272 5,
1776 3213 1955 3263 scilicet
2000 3218 2211 3272 793500,
2276 3224 2323 3263 et
