2878 3900
1036 485 1123 528 DE
1159 485 1337 528 ARTE
1370 484 1754 528 LOGISTICA.
2314 491 2367 533 37

477 633 538 681 In
556 632 829 698 partitione,
853 634 1062 691 tandem,
1082 632 1277 698 majoris
1295 633 1485 682 numeri
1502 651 1591 698 per
1612 633 1863 691 minorem,
1884 633 2168 698 producitur
2191 641 2365 697 quotus

407 738 595 787 semper
618 722 803 771 unitate
826 724 980 788 major
1000 743 1013 784 ;
1053 730 1102 772 et
1123 722 1318 788 proprie
1340 723 1438 771 huc
1461 730 1645 787 spectat
1666 722 1773 777 haec
1794 722 2006 787 partitio.

474 811 535 860 In
570 812 663 861 hac
689 812 884 877 majoris
917 830 1005 877 per
1038 812 1275 861 minorem
1307 811 1582 877 partitione,
1623 818 1867 876 spectatur
1898 811 2018 861 situs
2052 820 2100 861 e't
2132 813 2360 877 operatio,

406 919 612 965 quorum
647 910 849 966 uterque
882 901 1057 966 incipit
1087 903 1115 949 a
1143 901 1277 958 laeva,
1309 902 1613 950 dextrorsum
1640 902 1856 951 tendens.
1928 901 2058 951 Situs
2088 902 2362 967 aptissimus

405 999 489 1049 est,
534 1000 588 1040 ut
628 991 867 1040 sinistima
904 991 1153 1057 partitoris
1189 992 1346 1056 figura
1380 992 1470 1040 sub
1508 990 1744 1039 sinistima
1778 991 2026 1056 partiendi
2067 995 2122 1040 ea
2158 991 2358 1050 minore,

406 1092 490 1130 aut
514 1089 625 1130 ante
649 1081 937 1130 sinistimam
966 1080 1212 1146 partiendi
1235 1084 1289 1129 ea
1311 1082 1557 1145 majorem,
1599 1080 1932 1138 constituatur,
1973 1082 2158 1130 caeteris
2193 1082 2360 1147 figuris

405 1171 573 1219 ordine
625 1172 931 1219 dextrorsum
983 1169 1306 1233 sequentibus,
1362 1177 1470 1234 post
1522 1186 1727 1233 quarum
1775 1170 2037 1218 dextimam
2083 1170 2360 1219 immediate

403 1261 605 1325 incipiat
627 1259 943 1325 parenthesis,
982 1266 1129 1323 quoto
1153 1258 1387 1322 capiendo
1411 1258 1652 1306 destinata
1672 1278 1684 1317 ;
1723 1265 1771 1306 et
1795 1259 1883 1307 sub
1908 1259 2129 1308 omnibus
2154 1260 2360 1308 ducatur
2390 1272 2392 1274 ’

401 1352 543 1399 linea.

469 1439 781 1504 Operationis
805 1446 1014 1503 quatuor
1037 1446 1148 1487 sunt
1171 1446 1426 1503 praecepta.

468 1529 699 1585 Primum,
738 1535 793 1576 ut
827 1528 1086 1593 diligenter
1113 1528 1411 1592 exquiratur,
1443 1528 1631 1591 quoties
1662 1527 1868 1592 partitor
1893 1528 2096 1577 subduci
2118 1536 2273 1593 potest
2297 1530 2358 1577 ab

399 1619 467 1667 eis
501 1635 836 1683 supremarum
870 1618 1137 1682 figurarum
1173 1617 1436 1674 sinistimis,
1474 1635 1582 1682 quae
1618 1634 1766 1681 supra
1794 1634 1999 1666 vacuum
2023 1618 2158 1681 quoti
2181 1618 2352 1675 locum,

397 1707 675 1772 parenthesi
712 1707 1000 1772 proximum,
1043 1707 1397 1755 terminantur:
1451 1709 1653 1771 sumpta,
1689 1706 1993 1771 plerumque,
2037 1707 2181 1771 hujus
2222 1707 2356 1771 quoti

397 1799 683 1862 conjectura,
740 1815 800 1845 ex
844 1796 1014 1862 primis
1061 1797 1126 1845 ad
1169 1797 1350 1861 primas
1395 1796 1600 1855 relatis3
1663 1795 1852 1853 deinde,
1909 1804 1962 1845 ut
2019 1797 2176 1861 figura
2226 1797 2356 1845 hunc

396 1894 598 1950 quotum
636 1893 823 1943 notans,
866 1886 1100 1950 proximo,
1140 1893 1249 1951 post
1288 1885 1570 1950 partitorem
1612 1893 1659 1934 et
1698 1885 2022 1950 parenthesin,
2064 1903 2213 1934 vacuo
2251 1887 2354 1934 loco

395 1976 729 2024 constituatur.

464 2067 753 2123 Secundum,
793 2074 846 2114 ut
883 2073 1010 2114 totus
1047 2065 1265 2130 partitor,
1306 2065 1358 2113 in
1398 2064 1525 2113 hanc
1563 2066 1770 2129 figuram
1810 2066 1945 2128 quoti
1985 2082 2150 2113 recens
2193 2066 2352 2129 acqui-

395 2156 551 2212 sitam,
595 2155 956 2219 multiplicetur,
1002 2162 1049 2202 et
1087 2154 1363 2218 multiplum
1406 2171 1491 2202 suo
1533 2153 1696 2202 debito
1735 2154 1853 2211 loco,
1898 2171 1985 2218 per
2015 2171 2118 2218 cap.
2152 2160 2198 2210 3,
2243 2172 2351 2203 con-

394 2245 638 2293 stituatur.

461 2334 699 2391 Tertium,
744 2341 798 2382 ut
838 2334 929 2382 hoc
970 2351 1134 2382 recens
1171 2333 1461 2398 multiplum,
1490 2351 1566 2382 -ex
1603 2333 1836 2398 supremis
1877 2333 2044 2398 figuris
2085 2333 2130 2381 ei
2170 2334 2350 2382 directe

393 2422 719 2487 superpositis,
757 2422 1110 2480 substrahatur,
1145 2430 1290 2486 atque
1319 2422 1488 2471 deletis
1517 2422 1663 2470 etiam
1697 2422 1881 2487 figuris,
1917 2429 1965 2470 et
1989 2422 2268 2471 substractis
2303 2430 2349 2471 et

391 2531 450 2561 ex
479 2512 654 2577 quibus
684 2512 1075 2569 substrahuntur,
1109 2519 1479 2576 supernotentur
1506 2512 1726 2569 residuae,
1756 2529 1844 2576 per
1873 2529 1976 2576 cap.
2008 2517 2039 2560 2
2066 2512 2224 2576 hujus.

459 2604 719 2661 Quartum,
752 2609 807 2651 ut
834 2609 1117 2667 repetantur
1141 2601 1218 2650 hae
1248 2609 1344 2650 tres
1375 2601 1690 2666 operationeS,
1729 2619 1881 2666 usque
1906 2618 2002 2666 quo
2025 2608 2179 2650 totum
2201 2603 2347 2666 parti-

390 2693 569 2741 endum
592 2692 822 2749 deleatur,
850 2699 898 2740 et
920 2691 1128 2748 residua,
1156 2709 1240 2739 seu
1261 2691 1495 2755 reliquiae,
1518 2699 1601 2740 aut
1617 2691 1764 2740 nullae
1782 2699 1867 2740 aut
1883 2691 2116 2756 partitore
2138 2691 2345 2740 minores

389 2782 638 2845 prodeant,
677 2782 890 2845 dumque
914 2781 1060 2829 etiam
1082 2781 1218 2828 nulla
1240 2781 1377 2845 quoti
1399 2781 1518 2837 loca,
1557 2798 1708 2845 usque
1731 2781 1783 2828 in
1808 2781 2070 2829 dextimam
2104 2781 2344 2844 partiendi

389 2871 608 2934 figuram,
635 2887 791 2918 vacua
823 2870 1194 2932 relinquantur3
1238 2876 1382 2933 atque
1417 2871 1627 2927 tandem,
1664 2877 1772 2934 post
1806 2877 2006 2933 quotum
2041 2871 2342 2918 dextrorsum

388 2960 593 3008 ducatur
614 2940 757 3015 linea,
784 2958 864 3006 cui
887 2958 1199 3022 superpositae
1221 2958 1454 3022 reliquiae,
1481 2966 1528 3007 et
1552 2958 1825 3023 suppositus
1850 2958 2041 3015 divisor,
2064 2958 2199 3021 quoti
2216 2958 2340 3023 frag-

387 3055 550 3097 menta
573 3047 758 3095 unitate
783 3048 1095 3096 denotabunt.

658 3136 882 3201 Exempli
904 3136 1094 3201 gratia:
1116 3136 1242 3185 Sint
1272 3136 1517 3202 partiendi
1547 3137 1649 3186 dies
1682 3137 1796 3186 anni
1828 3136 2084 3186 bissextilis
2108 3136 2220 3193 366,
2253 3153 2339 3200 per

589 3226 690 3274 dies
721 3226 1036 3275 hebdomadis
1066 3232 1113 3283 7,
1149 3233 1203 3274 ut
1232 3225 1413 3275 sciatur
1442 3234 1559 3290 quot
1594 3226 1690 3274 sint
1718 3226 1769 3274 in
1801 3243 1926 3274 anno
1955 3224 2190 3274 bissextili
2224 3225 2337 3274 heb-
