2878 3900
558 559 635 599 12⁴
1164 550 1252 593 DE
1285 548 1459 593 ARTE
1491 545 1867 590 LOGISTICA.

1284 902 1557 959 CAPUT
1611 900 1722 956 ΙΙΙ.

836 1076 912 1116 DE
942 1073 1211 1114 RADICUM
1241 1072 1314 1111 Ex
1345 1069 1710 1111 SIMPLICIBUS
1739 1066 2172 1106 EXTRACTIONE.

615 1232 655 1274 l.
692 1225 848 1274 Omni:
877 1223 1065 1287 signum
1088 1238 1262 1287 purum
1286 1220 1402 1269 tales
1425 1226 1473 1267 et
1496 1224 1565 1266 tot
1583 1217 1728 1266 habet
1751 1216 1801 1264 in
1825 1232 1874 1264 se
1897 1215 2082 1264 radices
2099 1214 2282 1272 insitas,
2304 1215 2469 1279 quales

544 1323 590 1362 et
613 1320 728 1377 quot
749 1312 844 1360 sint
866 1313 967 1375 ejus
990 1309 1115 1375 signi
1138 1310 1447 1364 characteres»,
1474 1314 1521 1354 et
1543 1313 1718 1370 praeter
1740 1322 1819 1353 eas
1841 1304 2012 1352 nullas.

806 1400 875 1448 Ut
898 1400 1022 1461 O-Q‘e
1047 1398 1191 1446 habet
1221 1397 1271 1445 in
1301 1413 1350 1444 se
1379 1394 1589 1443 radicem
1618 1394 1917 1457 quadratam,
1947 1392 2063 1441 item
2086 1392 2321 1448 cubicam,
2350 1391 2465 1439 item

735 1486 939 1550 denique
963 1485 1185 1549 quadrati
1209 1484 1441 1539 cubicam,
1466 1489 1515 1531 et
1536 1481 1717 1530 nullam
1739 1488 1973 1546 praeterea
1996 1480 2154 1529 aliam.

604 1669 649 1711 Q.
687 1663 844 1711 Omne
874 1662 1062 1725 signum
1092 1659 1295 1707 mixtum
1323 1659 1440 1707 tales
1469 1667 1517 1707 et
1544 1666 1614 1706 tot
1635 1658 1781 1706 habet
1807 1656 1991 1705 radices
2019 1656 2203 1713 insitas,
2229 1655 2393 1719 quales
2416 1662 2464 1703 et

539 1759 653 1814 quot
677 1749 852 1798 fuerint
875 1749 925 1797 in
949 1747 1148 1813 singulis
1171 1747 1370 1796 diversis
1393 1747 1490 1795 suis
1517 1745 1831 1810 positionibus
1859 1745 2159 1794 characteres
2189 1759 2463 1792 communes

538 1838 763 1902 repetitae,
790 1845 838 1885 et
859 1837 1015 1884 nullas
1037 1843 1268 1900 praeterea
1290 1835 1420 1883 alias,

799 1924 867 1973 Ut
890 1924 1230 1990 Οἳῗξβα-ἳῼπῗ
1254 1922 1399 1971 habet
1422 1921 1588 1969 insitas
1611 1922 1796 1969 radices
1821 1922 2120 1985 quadratam,
2151 1920 2268 1984 quia
2289 1927 2389 1968 tam
2411 1919 2462 1967 in

728 2011 881 2076 prima
914 2012 1055 2075 quam
1096 2011 1302 2058 secunda
1335 2010 1569 2074 positione
1603 2011 1704 2074 ejus
1746 2009 1984 2074 reperitur
2022 2009 2213 2074 signum
2253 2010 2308 2071 -ἳ,
2346 2008 2463 2057 item

711 2099 944 2147 ·cubicam
985 2099 1147 2146 eadem
1189 2098 1387 2155 ratione,
1436 2098 1550 2146 item
1596 2098 1803 2162 denique
1844 2097 2069 2162 quadrati
2111 2097 2330 2146 cubicam
2350 2117 2364 2157 ;
2414 2105 2462 2145 et

728 2194 957 2251 praeterea
986 2186 1180 2243 nullam,
1214 2186 1363 2234 veluti
1392 2203 1481 2234 nec
1511 2186 1870 2250 supersolidam,
1903 2185 2019 2250 quia
2032 2188 2081 2250 ss
2102 2203 2199 2234 non
2222 2185 2462 2250 reperitur

728 2274 852 2322 inter
881 2274 1018 2339 signa
1047 2275 1266 2322 secundae
1294 2274 1542 2338 positionis
1570 2275 1671 2338 ejus
1701 2273 1920 2338 exempli,
1949 2290 2039 2322 nec
2062 2273 2288 2338 quadrati
2311 2274 2459 2338 quad-

726 2370 891 2419 ratam,
925 2362 1039 2426 quia
1061 2363 1141 2425 {Q
1166 2379 1262 2411 non
1285 2362 1523 2427 reperitur
1544 2361 1670 2410 inter
1693 2362 1831 2426 signa
1852 2361 2028 2426 prioris
2057 2361 2308 2427 positionis
2337 2363 2459 2427 ejus·

727 2450 834 2498 dem
857 2449 1073 2514 exempli.

598 2632 644 2674 3.
682 2626 758 2674 Ex
794 2625 928 2690 signo
963 2642 1083 2690 puro
1118 2626 1327 2675 radicem
1358 2627 1550 2676 insitam
1579 2628 1846 2685 extrahere,
1886 2635 1958 2677 est
1990 2643 2248 2676 numerum
2272 2626 2456 2675 ordinis

534 2714 657 2778 signi
680 2714 787 2778 puri
811 2731 896 2778 per
917 2730 1168 2762 numerum
1191 2715 1371 2764 ordinis
1395 2716 1639 2780 qualitatis
1662 2716 1840 2765 radicis
1863 2716 2094 2773 dividere,
2124 2722 2172 2764 et
2195 2714 2455 2779 quotientis

535 2802 719 2865 signum
743 2801 923 2850 ordinis
946 2809 1124 2850 notare.
1462 2840 1466 2844 .

791 2890 860 2938 Ut
889 2889 950 2938 sit
978 2891 1271 2940 extrahenda
1297 2892 1437 2940 radix
1459 2893 1630 2942 cubica
1650 2910 1711 2942 ex
1732 2894 1875 2956 03⁹6,
1901 2910 2131 2942 numerus
2153 2892 2337 2942 ordinis
2360 2894 2452 2955 -Q‘e

725 2985 796 3026 est
826 2976 870 3034 6,
910 2996 1015 3041 quae
1052 2979 1204 3028 divisa
1236 2998 1322 3045 per
1350 2998 1603 3030 numerum
1634 2981 1816 3031 ordinis
1847 2981 2020 3039 cubici,
2050 2981 2157 3039 viz„
2194 2998 2283 3046 per
2315 2986 2362 3039 3,
2399 2983 2454 3031 fit

727 3065 942 3128 quotiens
965 3070 1009 3122 Q,
1031 3068 1163 3131 cujus
1186 3068 1376 3132 signum
1399 3069 1580 3117 ordinis
1603 3077 1675 3119 est
1699 3071 1736 3133 -Q
1757 3090 1771 3131 3
1807 3070 1863 3119 fit
1885 3087 1999 3135 ergo
2022 3072 2094 3134 OQ
2120 3070 2262 3119 radix
2283 3071 2455 3121 cubica

726 3152 865 3216 hujus
899 3154 1055 3216 09‘83
1108 3155 1175 3204 sic
1208 3157 1421 3220 ejusdem
1457 3158 1583 3219 O—Q'e
1619 3158 1759 3206 radix
1794 3159 2032 3223 quadrata
2064 3166 2136 3209 est
2168 3165 2288 3220 0‘13;
2338 3159 2454 3213 item

729 3240 937 3304 ejusdem
959 3241 1095 3291 radix
1120 3243 1344 3306 quadrati
1367 3244 1535 3294 cubica
1556 3253 1627 3294 est
1650 3246 1749 3305 0131.
