2878 3900
1018 473 1107 516 DE
1143 475 1320 518 ARTE
1354 473 1738 519 LOGISTICA.
2304 478 2358 516 45

474 621 632 678 Unde,
658 620 872 669 radicem
895 621 1148 685 aliquoties
1173 623 1234 671 ab
1257 622 1442 671 unitate
1466 623 1655 678 ducere,
1675 621 1806 670 idem
1823 627 1894 669 est
1912 620 2042 684 quod
2059 627 2129 668 tot
2148 621 2352 684 aequales

406 709 562 757 radici
584 708 791 757 invicem
815 710 1004 757 ducere.

671 798 743 846 Ut
778 797 1021 861 superiore
1055 799 1285 862 exemplo,
1323 798 1465 846 radix
1499 803 1596 846 235
1632 805 1838 862 quatuor
1871 796 2350 861 multiplicationibus

607 887 902 951 simplicibus
921 888 983 936 ab
1001 887 1184 936 unitate
1200 887 1407 944 ducitur,
1425 894 1473 936 et
1486 888 1541 936 fit
1557 887 1977 952 quadruplicatum
1991 886 2322 941 3049800625
2336 908 2348 946 3

604 983 651 1025 et
675 976 716 1024 si
740 981 851 1033 235,
878 981 989 1033 235,
1017 981 1130 1033 235,
1157 984 1204 1025 et
1229 981 1340 1033 235,
1371 976 1577 1025 invicem
1601 976 1811 1034 duxeris,
1838 976 1968 1025 idem
1991 983 2202 1040 emerget
2225 976 2352 1024 radi«

604 1072 781 1122 catum,
809 1082 893 1113 seu
916 1065 1340 1129 quadruplicatum
1361 1086 1373 1125 ,
1412 1072 1460 1113 et
1482 1065 1553 1113 ita
1574 1066 1634 1113 de
1658 1065 1779 1113 aliis.

472 1242 680 1291 Radices
722 1259 926 1306 quarum
966 1241 1150 1290 indices
1196 1250 1308 1290 sunt
1347 1242 1613 1305 compositi,
1662 1241 1850 1290 facilius
1890 1259 1976 1306 per
2017 1249 2352 1306 componentes

402 1330 715 1396 multiplicari
752 1337 800 1378 et
837 1329 1028 1378 extrahi
1066 1347 1218 1394 posse,
1260 1331 1405 1393 quam
1444 1347 1532 1393 per
1568 1329 1853 1393 compositos
1893 1330 2090 1387 indices,
2134 1329 2352 1394 superius

403 1419 629 1467 diximus·
2355 1415 2357 1417 ’

668 1507 739 1556 Ut
773 1507 1020 1571 superiore
1055 1508 1287 1572 exemplo,
1322 1508 1511 1557 facilius
1543 1515 1615 1555 est
1649 1507 1925 1555 radicaliter
1957 1507 2204 1571 duplicare
2237 1512 2348 1562 235,

599 1598 811 1661 fientque
851 1601 1051 1656 55225;
1106 1603 1251 1660 atque
1296 1597 1402 1645 haec
1447 1613 1614 1644 rursus
1661 1594 1922 1660 duplicare,
1973 1613 2057 1644 seu
2095 1596 2148 1643 in
2188 1601 2350 1644 55225

601 1687 791 1742 ducere,
834 1685 1046 1749 fientque
1084 1686 1431 1742 3049800625,
1477 1685 1695 1750 superius
1737 1684 2191 1749 quadruplicatum:
2239 1702 2351 1732 nam

600 1774 972 1839 quadruplicare
1006 1773 1136 1822 idem
1170 1782 1241 1823 est
1272 1775 1403 1838 quod
1434 1774 1734 1838 duplicatum
1765 1773 2027 1838 duplicare.
2073 1833 2077 1838 ⁵
2099 1774 2226 1822 Item
2257 1774 2352 1821 sint

602 1869 663 1911 10
682 1862 961 1911 radicaliter
979 1862 1374 1927 sextuplicanda3
1407 1880 1465 1911 ea
1479 1863 1597 1911 fient
1615 1862 1894 1910 continuata
1912 1862 1972 1910 ab
1990 1861 2175 1910 unitate
2193 1862 2351 1910 multi-

538 1954 541 1956 ’
597 1951 1100 2016 plicatione,—primo
1128 1957 1222 2011 10,
1265 1953 1475 2000 secundo
1504 1957 1612 2008 100,
1645 1951 1979 2015 duplicatum;
2024 1951 2167 1999 tertio
2199 1951 2351 2015 tripli-

598 2047 773 2097 catum,
813 2045 974 2099 1000,
1020 2041 1193 2103 quarto
1225 2039 1663 2104 quadruplicatum,
1704 2045 1898 2099 10000,
1947 2039 2118 2103 quinto
2155 2039 2347 2102 quintu-

596 2129 842 2193 plicatum,
896 2134 1129 2188 100000,
1203 2130 1351 2185 sexto,
1404 2129 1614 2184 tandem,
1664 2128 2048 2192 sextuplicatum,
2103 2133 2344 2176 1000000.

598 2218 798 2274 Verum,
824 2234 911 2281 per
928 2210 1111 2265 dictum
1129 2217 1481 2281 compendium,
1504 2217 1546 2264 si
1562 2216 1841 2265 radicaliter
1858 2216 2174 2281 triplicaveris
2193 2217 2347 2280 dupli-

594 2313 755 2354 catum
796 2311 905 2362 100,
946 2323 1030 2353 seu
1067 2305 1388 2369 duplicaveris
1426 2305 1725 2370 triplicatum
1765 2311 1907 2362 1000,
1951 2305 2199 2370 proveniet
2234 2305 2348 2353 inde

597 2390 967 2454 sextuplicatum
1018 2395 1279 2450 1000000;
1335 2391 1479 2454 quam
1525 2398 1669 2439 antea
1714 2390 2016 2454 aliquantum
2061 2390 2346 2455 expeditius.

598 2480 736 2527 Idem
768 2479 899 2527 enim
929 2486 1002 2527 est
1037 2478 1355 2543 sextuplicare
1386 2478 1665 2527 radicaliter
1696 2479 1826 2542 quod
1859 2477 2105 2542 triplicare
2137 2478 2348 2542 duplica-

597 2578 713 2626 tum,
752 2576 835 2618 aut
866 2569 1114 2633 duplicare
1146 2568 1441 2632 triplicatum
1472 2567 1663 2616 radicis.
1734 2568 1819 2616 Bis
1852 2568 1980 2616 enim
2013 2568 2121 2625 tria,
2160 2575 2242 2616 aut
2275 2576 2348 2616 ter

598 2660 708 2716 duo,
743 2659 872 2707 idem
903 2665 1014 2707 sunt
1045 2658 1177 2722 quod
1206 2675 1303 2706 sex.

465 2837 554 2884 Est
594 2843 642 2884 et
682 2836 779 2884 alia
818 2836 1044 2884 radicalis
1085 2836 1424 2901 duplicationis
1469 2836 1648 2900 praXiS,
1698 2836 1841 2898 quam
1886 2851 1972 2898 per
2018 2833 2345 2882 continuatam

396 2924 878 2989 multiplicationem3
928 2925 1173 2982 nimirum,
1222 2925 1435 2974 radicem
1474 2924 1891 2988 multiplicandam
1931 2923 1982 2970 in
2023 2923 2142 2970 duas
2183 2929 2343 2986 partes

397 3014 617 3070 secando,
651 3020 698 3061 et
729 3013 931 3077 duplum
960 3013 1185 3078 multipli,
1220 3015 1351 3078 quod
1378 3014 1434 3062 fit
1463 3031 1523 3062 ex
1553 3013 1704 3061 ductu
1731 3012 1905 3085 prioris
1934 3011 1986 3058 in
2013 3010 2338 3075 posteriorem,

398 3119 496 3150 una
525 3119 635 3150 cum
665 3102 873 3150 duarum
901 3101 1116 3165 partium
1151 3102 1424 3166 duplicatiS,
1467 3101 1634 3150 addita
1667 3100 1849 3148 faciunt
1883 3098 2181 3163 duplicatum
2216 3116 2341 3162 quae-

396 3190 555 3239 situm.
