2878 3900
1039 536 1128 579 DE
1161 537 1338 580 ARTE
1359 537 1755 586 LOGISTICA.
2293 547 2371 588 107

1157 855 1432 910 CAPUT
1488 856 1632 911 XII.

713 1026 791 1064 DE
820 1025 1243 1064 EXTRACTIONE
1273 1025 1546 1065 RADICUM
1576 1026 1651 1065 EX
1682 1026 2086 1066 PLURINOMIIS.

495 1181 536 1223 1.
564 1176 1016 1224 PLURINOMIORUM
1036 1176 1258 1239 quaedam
1274 1175 1460 1224 radices
1474 1176 1739 1240 perspicuae
1755 1183 1879 1233 sunt,
1902 1177 2123 1240 quaedam
2137 1178 2366 1226 obscurae.

426 1264 707 1329 Perspicuas
736 1265 955 1322 dicimus,
995 1281 1103 1328 quae
1132 1282 1230 1313 non
1261 1271 1373 1313 sunt
1402 1265 1555 1329 magis
1586 1264 1879 1329 plurinomia
1909 1267 2052 1329 quam
2081 1283 2369 1330 eaquorum

424 1361 536 1402 sunt
566 1353 768 1402 radices·

490 1448 535 1491 Q.
575 1443 821 1492 Obscuras
862 1449 1023 1490 autem
1061 1441 1248 1490 radices
1289 1442 1598 1506 appellamus,
1643 1459 1750 1505 quae
1779 1442 1999 1507 plurimis
2030 1443 2289 1491 uninomiis
2322 1451 2369 1492 et

422 1530 666 1579 radicibus
694 1530 1095 1595 plurinomiorum
1125 1530 1318 1579 confuse
1347 1530 1630 1594 plerumque
1659 1537 1858 1579 scatent.

489 1623 534 1666 3.
580 1619 632 1667 Si
671 1617 874 1667 binomii
911 1618 1068 1666 infimi
1107 1618 1256 1666 oblati
1293 1617 1439 1669 fuerit
1475 1617 1774 1666 extrahenda
1808 1618 1950 1666 radix
1987 1619 2259 1682 quadrata,
2311 1637 2369 1667 ex

422 1707 695 1756 differentia
734 1709 1082 1771 quadratorum
1123 1707 1374 1771 utriusque
1420 1706 1658 1755 uninomii
1702 1707 1916 1756 radicem
1962 1708 2247 1771 quadratam
2292 1726 2368 1757 ex-

422 1797 574 1854 trahe,
602 1814 749 1862 quam
772 1798 835 1845 ad
857 1798 1013 1861 majus
1037 1796 1338 1845 uninomium
1356 1797 1479 1845 adde
1497 1803 1545 1845 et
1563 1798 1624 1845 ab
1642 1797 1810 1845 eodem
1834 1797 2099 1854 substrahe,
2127 1797 2167 1845 si
2191 1797 2370 1846 scilicet

423 1886 873 1936 commensurabilia
902 1894 1014 1934 sunt
1045 1886 1287 1951 (alioquin
1315 1886 1444 1935 enim
1468 1886 1560 1934 erit
1582 1886 1722 1935 radix
1746 1886 1949 1951 quaesita
1971 1888 2212 1951 obscura),
2239 1895 2286 1936 et
2309 1889 2369 1936 ab

421 1977 596 2024 horum
630 1976 845 2024 dimidiis
881 1977 1003 2024 educ
1038 1976 1223 2024 radices
1255 1976 1514 2039 quadratas
1547 1976 1656 2040 (per
1680 1993 1783 2040 cap.
1808 1977 1881 2040 4),
1911 1975 1998 2024 has
2022 1975 2159 2026 binas
2183 1977 2367 2025 radices

423 2072 650 2113 connecte
674 2065 844 2129 copula
865 2068 960 2129 qua
980 2065 1115 2129 prius
1138 2064 1419 2121 binomium,
1453 2071 1500 2112 et
1531 2063 1623 2113 erit
1651 2064 1743 2113 hoc
1770 2063 2036 2113 binomium
2058 2064 2198 2113 radix
2221 2066 2367 2129 quad-

422 2161 529 2203 rata
550 2153 806 2218 perspicua
827 2153 1002 2218 prioris
1024 2153 1242 2202 binomii.

1237 2331 1539 2395 Exemplum.

688 2464 762 2513 Sit
801 2463 1099 2513 extrahenda
1136 2463 1277 2511 radix
1317 2464 1555 2527 quadrata
1591 2463 1734 2527 hujus
1773 2462 1975 2511 binomii
2008 2463 2230 2517 defectivi
2264 2468 2363 2511 3—

619 2551 748 2616 κΙ-ἳό
769 2573 782 2613 ;
826 2553 1064 2616 quadrata
1097 2551 1453 2600 uninomiorum
1488 2558 1600 2600 sunt
1630 2556 1661 2606 9
1692 2558 1741 2600 et
1769 2558 1815 2608 5,
1854 2568 2059 2615 quorum
2092 2551 2363 2600 differentia

618 2649 690 2690 est
720 2648 766 2699 4«,
804 2642 946 2690 radix
975 2642 1212 2706 quadrata
1240 2641 1384 2706 hujus
1415 2640 1698 2689 differentiae
1729 2648 1800 2689 est
1831 2646 1876 2698 2,
1915 2641 2360 2689 commensurabiles

618 2732 682 2779 ad
703 2736 735 2779 3
757 2751 770 2791 ;
814 2748 873 2780 ea
894 2731 1045 2796 igitur
1067 2735 1098 2779 3
1123 2738 1170 2779 et
1194 2736 1225 2779 Q
1249 2731 1387 2788 adde,
1412 2731 1529 2779 fient
1552 2737 1584 2779 5
1605 2751 1618 2790 3
1663 2738 1711 2779 et
1734 2730 1879 2779 etiam
1902 2730 2153 2779 substrahe
2177 2736 2207 2778 Q
2231 2747 2289 2778 ex
2311 2735 2356 2786 3,

618 2827 767 2868 restat
794 2825 816 2867 1
842 2840 855 2879 3
907 2836 966 2867 ex
997 2819 1211 2868 dimidiis
1234 2825 1266 2868 5
1290 2827 1338 2868 et
1366 2825 1388 2867 1
1416 2820 1537 2868 educ
1567 2819 1751 2867 radices
1783 2819 2055 2883 quadratas,
2092 2818 2207 2866 fient
2229 2818 2359 2882 ass—Q}

619 2915 666 2955 et
705 2908 849 2972 w&
893 2925 1012 2971 quas
1053 2915 1280 2956 connecte
1320 2908 1489 2972 copula
1526 2907 1741 2972 pristina,
1784 2907 1994 2970 fientque
2033 2905 2358 2970 «Ι-ἳῇ-κί-ἳὲ

618 2995 759 3043 radix
793 2995 1031 3058 quadrata
1063 2995 1207 3060 hujus
1240 2995 1443 3045 binomii
1476 2995 1718 3057 3—«lsg5.
1791 2995 1929 3051 Item,
1967 2994 2028 3041 sit
2062 2993 2358 3041 extrahenda

617 3083 758 3132 radix
789 3085 1026 3148 quadrata
1051 3101 1110 3132 ex
1139 3083 1402 3147 «lgm—6
1423 3105 1437 3144 3
1481 3084 1622 3132 radix
1645 3084 1881 3148 quadrata
1903 3081 2184 3129 differentiae
2207 3083 2354 3145 quad-

615 3180 831 3221 ratorum
854 3178 925 3220 est
947 3174 997 3226 «l
1004 3173 1040 3234 Q
1050 3177 1124 3228 12,
1152 3189 1260 3235 quae
1284 3172 1452 3220 addita
1473 3179 1521 3220 et
1545 3173 1813 3220 substracta
1835 3170 1897 3218 ad
1919 3177 1967 3217 et
1990 3171 2016 3217 a
2038 3168 2213 3230 d348,
2240 3169 2353 3218 facit

615 3260 667 3314 d
671 3262 707 3323 Q
716 3265 825 3318 108,
860 3267 908 3309 et
930 3259 983 3315 al
986 3260 1106 3322 912,
1146 3277 1351 3323 quarum
1373 3260 1559 3309 radices
1583 3259 1891 3308 dimidiorum
1915 3257 2148 3322 copulatae
2171 3257 2353 3305 faciunt
