2878 3900
932 818 1275 898 LIBER
1341 823 1794 904 PRIMUS.

466 1040 560 1090 DE
607 1039 1308 1092 COMPUTATIONIBUS
1355 1043 1894 1102 QUANTITATUM
1940 1047 2271 1096 OMNIBUS

681 1150 1081 1201 LOGISTICAE
1126 1151 1520 1203 SPECIEBUS
1566 1154 2062 1206 COMMUNIUM.

1189 1541 1467 1596 CAPUT
1523 1542 1566 1598 Ι.

897 1712 975 1750 DE
1006 1711 1585 1752 COMPUTATIONIBUS
1616 1713 1830 1753 PRIMIS.

451 1864 733 1912 LOGISTICA
759 1870 831 1911 est
855 1879 933 1911 ars
957 1863 1080 1911 bene
1104 1863 1434 1927 computandi.

451 2044 797 2092 COMPUTATIO
823 2050 896 2091 est
919 2043 1045 2091 actio
1069 2060 1154 2091 seu
1185 2043 1400 2107 operatio
1423 2061 1531 2107 quae
1563 2061 1622 2091 ex
1653 2044 1873 2108 pluribus
1897 2045 2263 2108 quantitatibus,
2292 2055 2339 2094 et

384 2133 712 2196 quantitatum
733 2132 1114 2196 proprietatibus
1138 2132 1279 2189 datis,
1306 2133 1511 2197 quaesita
1532 2133 1732 2182 invenit.

452 2223 652 2271 Dantur
676 2229 836 2270 autem
861 2222 946 2270 au't
970 2222 1124 2270 vocali
1146 2222 1489 2279 nominatione,
1517 2230 1602 2270 aut
1624 2222 1856 2287 graphica
1878 2224 2138 2271 notatione.

453 2313 598 2361 Unde
630 2312 682 2359 in
714 2311 846 2360 omni
878 2311 1125 2376 Logistica
1145 2311 1306 2376 primo
1330 2312 1597 2376 procedunt
1619 2311 1886 2360 nominatio
1909 2320 1957 2361 et
1979 2313 2193 2373 notati03
2228 2331 2338 2362 mox

385 2420 495 2451 cum
519 2402 587 2450 eis
612 2401 825 2450 succedit
848 2400 1157 2465 computatio.

452 2581 763 2646 Computatio
787 2588 950 2629 autem
973 2589 1046 2629 est
1069 2580 1271 2645 simplex
1296 2580 1372 2628 vel
1395 2579 1673 2644 composita.

454 2671 666 2735 Simplex
694 2678 766 2719 est
798 2670 1106 2735 computatio,
1138 2688 1246 2734 quae
1277 2687 1336 2718 ex
1365 2670 1553 2719 duabus
1583 2669 1708 2718 datis
1741 2670 1934 2718 tertiam
1963 2670 2105 2719 unica
2129 2679 2210 2718 aut
2236 2671 2336 2718 uni-

383 2762 526 2809 moda
556 2761 833 2825 operatione
862 2759 1061 2809 invenit.

454 2850 667 2914 Simplex
690 2850 985 2914 computatio
1009 2850 1087 2898 vel
1108 2858 1181 2898 est
1202 2849 1362 2914 prima
1383 2850 1461 2898 vel
1483 2857 1604 2898 orta.

454 2939 619 2987 Prima
641 2947 713 2987 est
736 2939 1045 3003 computatiO,
1074 2956 1182 3002 quae
1205 2938 1525 3002 quantitatem
1553 2955 1664 2987 cum
1688 2938 1956 3002 quantitate
1980 2938 2125 2986 semel
2149 2946 2333 2985 tantum

388 3035 648 3091 computat.

654 3116 821 3180 Atque
844 3116 963 3173 haec,
984 3133 1045 3164 ex
1069 3116 1230 3174 totiuS,
1255 3117 1422 3181 partis,
1444 3125 1491 3165 et
1513 3116 1732 3173 residuae,
1759 3116 1945 3164 duabus
1968 3114 2331 3178 quibuscunque

585 3205 725 3262 datis,
753 3204 946 3253 tertiam
970 3221 1307 3268 quamcunque
1334 3204 1549 3254 invenit:
1591 3205 1738 3262 Quod
1761 3221 1871 3251 mox
1894 3202 2084 3267 patebit
2101 3203 2329 3267 exemplis

586 3293 1001 3359 subsequentibus,
