2878 3900
507 528 561 570 72
1111 517 1200 561 DE
1233 515 1406 560 ARTE
1439 511 1816 558 LOGISTICA.

703 667 903 733 quaesita
930 662 1177 727 multuplo..
1248 661 1386 717 Item,
1423 658 1520 708 sint
1553 658 1841 707 reducendae
1870 659 1905 724 {r
1934 673 1994 706 ex
2021 660 2056 724 ᾗ
2085 674 2145 707 ex
2173 660 2207 725 9
2235 676 2294 708 ex
2317 660 2350 726 θ
2374 661 2436 709 ad

703 756 900 806 eandem
933 751 1192 817 simplicem
1227 747 1539 797 fractionem:
1577 746 1918 796 abbrevientur
1948 745 2106 811 primo
2138 747 2169 797 6
2198 749 2433 814 superius,

700 853 748 894 et
781 850 812 897 9
841 841 1051 896 inferius,
1089 854 1174 903 per
1207 854 1345 886 suum
1379 852 1680 885 communem
1712 834 1977 884 maximum
2010 835 2268 886 divisorem
2301 843 2350 895 3,
2386 847 2435 887 et

699 933 812 980 fient
841 935 873 978 2
900 944 1057 992 supra,
1090 933 1138 975 et
1167 929 1198 973 3
1228 924 1367 981 infra,
1402 924 1493 972 hoc
1523 923 1634 981 situ,
1667 925 1702 990 ἕ»
1723 926 1757 989 ἓ
1778 926 1811 990 ἢ
1834 923 1901 990 §3
1939 923 2142 973 ulterius
2173 925 2302 974 enim
2332 943 2429 975 non

696 1027 766 1068 est
788 1018 913 1066 inter
933 1016 1021 1065 has
1043 1014 1259 1079 superior
1280 1013 1365 1077 qui
1388 1013 1450 1061 sit
1472 1029 1582 1061 cum
1604 1012 1831 1062 inferiore
1862 1012 2024 1078 aliqua
2051 1013 2392 1065 abbreviabilis
2413 1035 2425 1064 ε

693 1105 1068 1171 multiplicentur
1100 1120 1227 1168 ergo,
1265 1103 1472 1158 tandem,
1511 1102 1777 1167 superiores
1809 1107 1855 1160 Q,
1886 1108 1934 1160 4,
1965 1107 2011 1160 Q,
2043 1107 2088 1160 8,
2122 1102 2344 1162 invicem,
2381 1115 2429 1154 et

690 1196 805 1244 fient
831 1198 923 1242 128
943 1213 957 1253 3
994 1193 1217 1256 itemque,
1243 1189 1622 1255 multiplicentur
1644 1195 1691 1248 3,
1716 1197 1764 1248 5,
1788 1198 1836 1249 7,
1862 1195 1910 1248 3,
1945 1190 2176 1241 inferiora
2204 1192 2424 1251 invicem,

689 1291 736 1333 et
757 1283 873 1332 fient
894 1286 990 1330 815
1012 1301 1026 1341 ;
1069 1297 1128 1330 ex
1156 1279 1232 1328 his
1261 1279 1343 1329 fiet
1370 1296 1520 1327 novus
1550 1278 1898 1337 denominator,
1925 1297 1985 1329 ex
2006 1279 2104 1329 illis
2127 1282 2241 1331 vero
2263 1299 2426 1333 nume·

687 1380 828 1428 rator,
866 1371 957 1419 hoc
986 1370 1095 1427 situ,
1108 1401 1112 1405 -
1127 1369 1239 1436 ffl,
1277 1368 1445 1417 fractio
1476 1368 1678 1432 simplex
1706 1368 1923 1433 quaesita,
1957 1369 2087 1419 idem
2110 1370 2273 1421 valens
2295 1374 2427 1437 quod

668 1465 722 1527 -ξ
744 1478 802 1510 ex
823 1463 857 1525 ᾗ
879 1477 937 1508 ex
960 1461 993 1525 ¹9
1016 1476 1074 1509 ex
1096 1459 1129 1524 8
1152 1458 1336 1507 oblatae.

562 1641 653 1687 Pro
674 1638 927 1703 partitione
950 1645 1108 1686 autem
1133 1643 1502 1701 transponantur
1529 1636 1723 1685 termini
1749 1637 2012 1701 partitoris,
2037 1647 2086 1688 et
2110 1642 2422 1706 transpositos

492 1746 575 1792 per
603 1728 905 1792 partiendum
934 1724 1201 1790 multiplica
1228 1724 1435 1782 omnino,
1468 1725 1600 1773 utin
1624 1726 1940 1790 praecedente,
1966 1735 2015 1777 et
2037 1745 2141 1794 cap.
2165 1737 2199 1788 7
2223 1729 2334 1780 Lib.
2362 1732 2418 1788 1.‚

491 1817 813 1881 praecepimus.

750 1905 820 1955 Ut
841 1904 882 1953 si
903 1903 1165 1969 partiendae
1188 1902 1284 1951 sint
1304 1906 1339 1969 ᾗ
1360 1920 1448 1968 per
1469 1906 1502 1970 ξ
1522 1922 1534 1952 :
1573 1905 1771 1954 retentis
1794 1905 1905 1964 illis,
1937 1907 2122 1957 inverte
2144 1907 2247 1966 has,
2281 1918 2330 1958 et
2352 1910 2422 1959 ita

683 1993 994 2062 multiplicato
1014 1995 1048 2059 ξ
1065 1999 1112 2041 et
1129 1994 1191 2058 ᾗ,
1228 1993 1454 2058 fientque,
1474 1993 1644 2058 primo,
1664 2011 1752 2060 per
1775 1995 2197 2055 abbreviationem,
2223 2000 2257 2064 ξ
2280 2006 2328 2048 et
2350 2002 2416 2066 '⁹123

680 2082 851 2131 deinde
884 2082 1012 2139 fient,
1047 2099 1133 2146 per
1165 2081 1628 2146 multiplicationem,
1658 2085 1707 2150 ᾗ,
1741 2084 1855 2142 sive,
1891 2087 2022 2150 quod
2054 2086 2184 2137 idem
2215 2096 2301 2145 est,
2342 2092 2416 2155 Ιῇ,

679 2188 766 2235 pro
795 2178 940 2235 quoto
969 2171 1181 2235 quaesito.

1072 2372 1226 2422 Aliud
1248 2372 1518 2438 exemplum
1539 2374 1807 2425 mistarum.

746 2526 851 2575 Sint
883 2526 980 2593 663
1012 2527 1274 2592 partiendae
1307 2545 1395 2594 per
1428 2530 1509 2596 Q,
1546 2546 1646 2588 seu,
1683 2531 1816 2595 quod
1846 2531 1975 2580 idem
2006 2539 2093 2591 est,
2130 2549 2217 2598 per
2250 2534 2415 2583 reduc·

681 2615 855 2664 tionem
887 2615 1157 2681 partiantur
1193 2618 1285 2695 RQ
1317 2635 1405 2684 per
1425 2619 1526 2696 ξε
1568 2618 1656 2669 has
1689 2619 1903 2669 inversas
1936 2620 2029 2671 hoc
2060 2622 2218 2680 modo,
2249 2626 2329 2699 341„
2368 2632 2416 2672 et

679 2703 798 2761 illas,
841 2705 954 2782 230-9,
996 2704 1197 2754 invicem
1235 2706 1519 2773 multiplica,
1559 2715 1608 2756 et
1646 2708 1928 2772 provenient
1971 2710 2114 2789 Ἢ,
2157 2728 2266 2776 quae
2306 2721 2417 2761 sunt

679 2793 822 2858 53οὲ9,
858 2810 945 2858 pro
978 2803 1122 2860 quoto
1154 2797 1367 2861 quaesito.

815 2992 968 3043 Aliud
989 2995 1273 3060 exemplum,
1297 3013 1387 3061 pro
1410 2998 1628 3048 examine
1649 2998 2077 3064 multiplicationis,

745 3146 862 3203 Sint,
898 3164 957 3196 ex
990 3150 1367 3213 praecedentibus
1398 3152 1641 3217 exemplis,
1667 3154 1734 3220 ἦῆ
1755 3154 2023 3219 partiendae
2045 3172 2134 3221 per
2154 3157 2187 3222 ξ
2208 3174 2221 3205 2
2257 3156 2411 3205 inver-

681 3241 808 3282 tatur
829 3234 945 3292 haec,
974 3237 1056 3286 fiet
1077 3240 1124 3303 ᾗ,
1150 3245 1199 3287 et
1219 3237 1306 3287 illa
1325 3247 1487 3289 manet
1509 3241 1575 3307 ᾖ
1595 3261 1609 3301 ;
1649 3242 2005 3301 abbrevientur,
2034 3252 2085 3294 et
2110 3245 2228 3295 fient
2255 3246 2411 3310 primo
