2878 3900
1100 492 1188 536 DE
1223 493 1401 537 ARTE
1435 493 1814 538 LOGISTICA.
2374 498 2429 542 67

1230 790 1506 845 CAPUT
1562 789 1672 844 XI.

811 947 888 987 DE
919 947 1369 995 FRACTIONIBUS,
1401 949 1510 988 SEU
1542 948 1805 988 NUMERIS
1836 948 2094 987 FRACTIS.

545 1086 789 1145 FRAc'rlo,
830 1104 914 1136 seu
943 1104 1172 1136 numerus
1202 1087 1397 1145 fractus,
1432 1095 1503 1136 est
1532 1104 1676 1152 quem
1705 1086 1907 1135 minima
1933 1094 1981 1135 et
2007 1086 2261 1135 individua
2294 1103 2419 1150 pars,

478 1174 622 1224 unica
643 1175 825 1226 scilicet
847 1175 1046 1224 unitatis
1069 1182 1335 1233 numerata,
1361 1175 1574 1224 metitur.

743 1265 815 1315 Ut
838 1266 968 1330 apud
990 1272 1284 1314 astronomos
1306 1265 1486 1329 gradus
1508 1281 1598 1329 pro
1622 1263 1808 1312 unitate
1832 1263 2052 1320 habetur,
2080 1271 2129 1312 et
2144 1270 2178 1322 7
2199 1264 2426 1329 scrupula

677 1353 838 1418 prima
885 1361 998 1402 sunt
1049 1354 1150 1418 ejus
1196 1353 1369 1402 fractio
1389 1373 1403 1413 ;
1457 1369 1572 1400 nam
1616 1351 1710 1401 hoc
1752 1351 1858 1400 loco
1903 1351 2100 1400 unicum
2145 1352 2424 1417 scrupulum

671 1441 883 1506 primum
906 1448 978 1489 est
1000 1443 1102 1506 ejus
1125 1441 1328 1489 minima
1350 1448 1398 1489 et
1420 1439 1675 1489 individua
1702 1457 1829 1504 pars,
1863 1457 1971 1504 quae
2001 1457 2108 1488 eam
2134 1440 2346 1498 metitur,
2378 1448 2424 1488 et

673 1531 735 1579 ab
758 1531 813 1578 ea
833 1536 1117 1580 numeratur
1144 1546 1232 1595 per
1254 1537 1301 1588 7.
1374 1528 1453 1578 Sic
1486 1535 1518 1577 5
1552 1527 1695 1576 solidi
1729 1535 1840 1576 sunt
1869 1527 2007 1577 librae
2038 1528 2223 1585 fractio,
2257 1529 2372 1593 quia
2400 1535 2421 1576 1

675 1619 856 1668 solidus
883 1619 967 1668 hic
998 1626 1070 1667 est
1100 1618 1303 1667 minima
1332 1625 1380 1667 et
1410 1617 1666 1666 individua
1687 1616 1830 1665 unius
1852 1616 1990 1666 librae
2013 1634 2140 1682 pars,
2176 1635 2283 1681 quae
2306 1617 2425 1666 frac-

673 1709 854 1757 tionem
889 1708 1103 1765 metitur,
1145 1715 1193 1757 et
1227 1709 1289 1758 ab
1324 1708 1379 1756 ea
1410 1714 1695 1755 numeratur
1727 1722 1815 1771 per
1844 1712 1891 1754 5.
1962 1705 2043 1755 Sic
2077 1711 2137 1764 17
2166 1706 2422 1771 trigesimae

673 1798 873 1847 unitatis
906 1805 1068 1863 partes
1098 1805 1209 1848 sunt
1237 1797 1442 1858 fractio;
1486 1797 1602 1861 quia
1635 1796 1780 1845 unica
1813 1796 2060 1861 trigesima
2092 1805 2164 1846 est
2196 1797 2289 1847 hoc
2321 1798 2424 1846 loco

671 1886 874 1935 minima
897 1893 945 1935 et
965 1886 1221 1935 individua
1243 1886 1443 1935 unitatis
1465 1902 1593 1950 pars,
1621 1902 1730 1950 quae
1758 1890 1819 1943 17
1842 1885 2112 1950 trigesimas
2134 1886 2346 1942 metitur,
2378 1894 2424 1933 et

674 1977 735 2025 ab
758 1975 827 2024 eis
849 1982 1133 2024 numeratur
1155 1974 1511 2039 septemdecies.

542 2153 868 2211 Fractionum,
896 2153 1003 2202 aliae
1026 2153 1261 2218 vulgares,
1288 2153 1396 2202 aliae
1419 2152 1630 2218 physicae
1654 2152 1895 2201 dicuntur.

540 2243 782 2308 Vulgares
804 2250 929 2300 sunt,
957 2260 1065 2307 quae
1089 2242 1246 2291 varias
1270 2249 1318 2290 et
1339 2242 1517 2290 liberas
1538 2242 1720 2290 habent
1742 2239 2166 2289 denominationes.

699 2391 701 2394 ι
739 2333 810 2381 Ut
850 2349 1002 2380 unum
1044 2331 1314 2388 dimidium,
1365 2331 1474 2379 duae
1515 2330 1684 2387 tertiae,
1735 2336 1944 2394 quatuor
1984 2327 2264 2384 undecimae,
2314 2345 2421 2391 quae

671 2430 831 2471 ortum
863 2422 1044 2471 habent
1072 2421 1130 2469 in
1164 2419 1440 2486 partitione,
1479 2437 1582 2484 cap.
1613 2425 1645 2467 4
1680 2419 1792 2468 Lib.
1819 2419 1890 2467 ΙΙ.

541 2599 603 2646 In
622 2598 947 2648 Arithmetica
966 2598 1256 2647 fractionum
1274 2596 1547 2662 vulgarium
1561 2602 1841 2661 spectantur
1853 2594 2118 2643 nominatio
2131 2601 2179 2642 et
2192 2593 2419 2658 operatio.

539 2687 838 2746 Nominatio,
873 2705 981 2753 quae
1013 2705 1126 2736 voce
1160 2687 1229 2744 fit,
1267 2686 1448 2735 dicitur
1475 2685 1837 2751 pronuntiati03
1876 2701 1984 2748 quae
2017 2690 2178 2733 autem
2212 2681 2415 2745 scriptis,

472 2777 670 2827 notatio.

541 2866 834 2930 Vulgarium
863 2866 1153 2931 fractionum
1182 2863 1448 2914 nominatio
1476 2865 1662 2913 duobus
1690 2861 1909 2913 terminis
1932 2859 2229 2925 exprimitur,
2256 2876 2417 2907 nume-

474 2963 632 3004 ratore
644 3001 648 3003 μ
662 2962 711 3003 et
735 2954 1115 3003 denominatore.

540 3044 893 3093 Denominator
932 3050 1022 3100 est,
1067 3041 1151 3106 qui
1195 3042 1412 3091 nominat
1451 3042 1503 3090 in
1543 3048 1661 3106 quot
1704 3047 1865 3104 partes
1906 3038 2111 3102 aequales
2152 3037 2311 3086 unitas
2357 3037 2416 3085 sit

473 3133 820 3182 distribuenda.

536 3222 833 3271 Numerator
855 3222 968 3270 vero
992 3228 1077 3277 est,
1105 3220 1189 3284 qui
1211 3227 1434 3268 numerat
1458 3226 1576 3283 quot
1598 3237 1658 3268 ex
1680 3217 1756 3267 his
1779 3217 1998 3283 partibus
2022 3216 2118 3264 sint
2141 3216 2398 3264 sumendae.
