2878 3900
1036 507 1126 550 DE
1161 507 1338 550 ARTE
1371 507 1753 552 LOGISTICA.
2313 512 2365 551 51

622 661 643 701 1
672 662 719 703 et
743 659 788 711 Q,
825 655 1116 719 respondent
1151 654 1481 719 supplemento
1511 661 1592 713 44,
1627 663 1675 704 et
1705 655 1918 703 anterior
1944 661 1967 703 l
1995 655 2173 703 dicitur
2211 662 2223 682 ‘
2246 671 2363 718 prae-

530 752 533 754 ’
615 744 820 801 cedenS,’
850 743 1085 808 posterior
1107 744 1220 792 vero
1243 749 1288 800 Q,
1330 752 1343 772 ‘
1366 745 1624 793 succedens
1645 746 1683 805 ;'
1718 751 1768 792 at
1803 744 1844 792 si
1878 743 2177 809 duplicatum
2205 748 2363 797 15129

612 832 889 897 sumpseris,
933 834 1069 897 cujus
1108 832 1249 881 radix
1288 832 1554 897 bipartiens
1594 840 1666 882 est
1708 837 1815 889 123,
1860 832 2072 881 anterior
2115 849 2227 896 pars
2261 833 2362 896 jam

610 938 764 986 nuper
797 921 1007 978 inventa,
1045 921 1227 970 scilicet
1255 927 1329 978 12,
1368 922 1547 970 dicitur
1584 930 1596 950 ‘
1619 921 1925 987 praecedens‚'
1954 929 2002 970 et
2032 921 2176 970 unica
2206 921 2363 984 figura

610 1015 656 1066 3,
698 1018 711 1038 ‘
735 1010 1026 1058 succedens.’

483 1185 559 1234 Ex
595 1186 684 1235 hac
723 1186 890 1250 itaque
930 1186 1119 1243 tabella,
1163 1186 1371 1251 cujusvis
1411 1187 1731 1252 supplementi
1768 1186 2046 1235 inveniendi
2084 1187 2253 1251 regula
2292 1187 2360 1234 sic

412 1273 656 1338 colligitur
690 1281 738 1323 et
771 1274 962 1339 legitur.
1035 1274 1213 1332 Primo,
1248 1282 1494 1338 quaeratur
1524 1277 1666 1340 juxta
1702 1292 1811 1324 crus
1848 1274 2096 1323 sinistrum
2131 1292 2359 1324 numerus

411 1362 584 1411 indicis
607 1363 863 1427 propositae
886 1363 1064 1411 radicis
1085 1383 1098 1424 ;
1136 1363 1218 1411 hic
1241 1363 1384 1420 enim,
1412 1380 1509 1412 una
1531 1381 1642 1412 cum
1663 1364 1862 1428 reliquis
1886 1363 2124 1412 arealibus
2145 1363 2358 1412 numeris

411 1451 591 1500 directe
630 1452 682 1499 in
719 1453 884 1500 eadem
930 1453 1055 1501 linea
1093 1452 1262 1501 ordine
1302 1453 1626 1517 sequentibus,
1676 1452 1931 1517 quaesitum
1976 1452 2359 1516 supplementum

409 1539 666 1603 legendum
711 1540 884 1600 offert3
938 1541 1081 1589 modo
1128 1558 1226 1589 una
1270 1558 1380 1589 cum
1423 1558 1590 1590 eorum
1636 1541 1825 1606 singulo
1869 1541 2093 1605 legantur
2138 1540 2270 1588 tituli
2315 1541 2359 1588 ei

410 1628 616 1692 oblique,
655 1636 755 1677 tam
789 1629 1118 1678 sinistrorsum
1151 1631 1295 1694 quam
1329 1630 1647 1688 dextrorsum,
1685 1629 1973 1695 superpositi
2006 1629 2211 1678 invicem
2238 1631 2357 1678 mul-

409 1716 676 1780 tiplicandi.

680 1807 905 1871 Exempli
921 1807 1077 1872 gratia
1087 1807 1438 1865 z—Quaeritur,
1457 1808 1482 1856 ὲ
1498 1808 1675 1864 tabula,
1692 1807 1862 1872 regula
1877 1806 2155 1855 inveniendi
2172 1807 2357 1871 supple-

604 1903 822 1945 mentum
851 1895 1191 1960 duplicationis
1223 1902 1271 1944 et
1301 1895 1609 1944 extractionis
1639 1895 1817 1944 radicis
1844 1895 2162 1960 bipartientis.
2235 1895 2356 1943 Haec

606 1985 659 2032 in
683 1985 891 2033 secunda
912 1984 1038 2034 linea
1061 1985 1248 2034 duobus
1278 1984 1507 2041 numeris,
1541 1990 1573 2033 2
1604 1992 1651 2033 et
1685 1990 1727 2042 1,
1761 1991 1809 2033 et
1840 1984 1937 2033 suis
1967 1984 2121 2033 titulis
2151 1983 2356 2032 invicem

606 2073 998 2138 multiplicandis,
1032 2073 1319 2138 exprimitur
1346 2073 1440 2122 hoc
1461 2072 2000 2138 modo,—praecedentis
2026 2077 2057 2120 Q
2081 2072 2351 2128 succedens,

605 2169 654 2210 et
685 2167 709 2209 1
741 2162 1039 2226 duplicatum
1074 2161 1386 2219 succedentis,
1425 2179 1532 2226 quae
1568 2162 1639 2210 ita
1673 2161 1879 2226 legenda
1914 2168 1963 2209 et
1998 2160 2356 2224 pronuntianda

604 2258 748 2299 sunt:
805 2251 1189 2315 supplementum
1235 2250 1572 2315 duplicationis
1618 2257 1804 2299 constat
1848 2249 2161 2314 praecedentis
2208 2249 2354 2312 duplo

603 2339 922 2404 multiplicato
956 2357 1044 2404 per
1080 2340 1353 2397 succedens,
1396 2346 1444 2388 et
1480 2339 1623 2388 unico
1660 2357 1744 2388 seu
1779 2339 1884 2403 ipso
1920 2338 2162 2402 duplicato
2196 2355 2354 2386 succe-

604 2427 796 2488 dentis3
836 2435 891 2476 ut
922 2427 1152 2492 exemplis
1182 2427 1490 2491 sequentibus
1519 2426 1718 2492 patebit.
1790 2427 1869 2475 Sic
1902 2443 1990 2491 pro
2026 2426 2353 2490 supplemento

604 2515 956 2580 triplicationis,
992 2515 1045 2564 in
1079 2515 1221 2564 tertia
1248 2515 1376 2564 linea
1403 2515 1611 2580 reperies
1642 2522 1738 2563 tres
1766 2531 2005 2571 numeros,
2031 2519 2077 2571 3,
2105 2518 2150 2570 3,
2182 2519 2223 2570 1,
2251 2513 2348 2577 qui,

603 2621 715 2652 cum
738 2604 836 2653 suis
861 2604 1027 2661 titulis,
1049 2603 1119 2652 ita
1140 2603 1397 2668 leguntur:
1432 2603 1815 2668 supplementum
1838 2602 2175 2667 triplicationis
2198 2601 2352 2650 tribus

601 2700 787 2742 constat
809 2692 1021 2741 numeris
1043 2713 1056 2753 3
1093 2692 1278 2757 primus
1302 2699 1387 2750 est,
1419 2691 1654 2757 duplicati
1675 2690 1988 2756 praecedentis
2011 2690 2210 2754 triplum
2232 2689 2351 2737 mul-

603 2782 874 2846 tiplicatum
911 2800 1000 2847 per
1040 2783 1332 2843 succedens;
1390 2781 1627 2831 secundus
1667 2788 1752 2838 est,
1800 2779 2114 2845 praecedentis
2154 2778 2349 2841 triplum

602 2870 977 2934 multiplicatum
1015 2887 1103 2935 per
1137 2870 1438 2935 duplicatum
1477 2869 1809 2928 succedentis3
1862 2867 2031 2917 tertius
2069 2874 2153 2923 est,
2194 2866 2349 2928 ipsum

603 2958 898 3022 triplicatum
921 2958 1233 3007 succedentis.

671 3046 915 3104 Similiter,
949 3064 1038 3111 pro
1074 3046 1405 3111 supplemento
1442 3045 1904 3111 quintuplicationis,
1938 3044 2014 3092 vel
2040 3041 2347 3092 extractionis

599 3135 775 3184 radicis
824 3135 1323 3200 quinquepartientis:
1392 3135 1454 3183 In
1499 3134 1667 3198 quinta
1715 3134 1839 3181 linea
1886 3131 2093 3196 reperies
2140 3129 2351 3194 quinque

598 3242 823 3273 numeros
859 3224 960 3281 hos,
1000 3231 1047 3281 5,
1091 3230 1167 3280 10,
1211 3230 1287 3281 10,
1328 3231 1374 3281 5,
1419 3229 1461 3281 1,
1502 3223 1601 3286 qui,
1643 3240 1753 3271 cum
1791 3221 1889 3269 suis
1926 3219 2093 3276 titulis,
2131 3218 2347 3266 indicant
