2878 3900
1015 524 1103 566 DE
1138 525 1313 567 ARTE
1346 523 1722 568 LOGISTICA.
2306 531 2331 568 9

596 668 750 730 prima
778 669 1036 732 partitione
1065 671 1187 718 fiunt
1220 670 1294 727 16,
1334 671 1540 718 secunda
1564 675 1607 726 8,
1642 667 1783 717 tertia
1805 673 1851 724 4,
1889 670 2058 731 quarta
2079 673 2125 725 Q,
2167 669 2331 732 quinta

600 755 806 819 denique
834 762 855 804 1
882 776 892 804 z
933 757 1098 820 Atque
1120 758 1269 822 igitur
1290 758 1462 806 horum
1485 764 1516 806 5
1541 764 1651 805 sunt
1674 757 1833 813 index,
1864 763 1912 805 et
1934 761 1966 804 2
1989 764 2100 806 sunt
2121 757 2274 806 radix.

470 931 605 979 Ortae
635 939 794 980 autem
824 950 883 980 ex
912 934 1068 997 primo
1102 934 1218 982 ortis
1250 941 1333 982 aut
1363 941 1473 982 sunt
1501 933 1724 982 radicalis
1757 932 2092 997 multiplicatio
2127 950 2186 981 ex
2223 950 2329 981 con-

401 1017 584 1066 tinuata
616 1019 1044 1083 multiplicatione;
1087 1028 1170 1069 aut
1204 1021 1427 1069 radicalis
1461 1021 1671 1085 partitio,
1706 1028 1753 1068 et
1782 1020 1958 1069 radicis
1993 1021 2236 1077 extractio,
2271 1039 2330 1069 ex

401 1106 674 1154 continuata
695 1107 965 1170 partitione.

468 1284 752 1331 RADICALIS
779 1283 1199 1331 MULTIPLICATIO
1224 1291 1296 1331 est
1318 1284 1494 1333 radicis
1517 1285 1688 1332 oblatae
1711 1285 1850 1332 toties
1873 1285 2150 1333 continuata
2171 1287 2328 1334 multi-

398 1371 592 1433 plicatio
615 1371 799 1433 quoties
822 1378 893 1418 est
915 1370 966 1417 in
988 1355 1147 1418 indice
1170 1371 1328 1419 unitas
1349 1392 1362 1431 3
1402 1378 1448 1419 et
1470 1372 1751 1435 producitur
1772 1371 2040 1420 radicatum
2063 1373 2326 1436 quaesitum.

661 1460 733 1508 Ut
764 1459 990 1507 dicuntur
1019 1465 1050 1507 Q
1081 1459 1356 1508 radicaliter
1385 1460 1698 1524 multiplicari
1734 1467 1820 1517 ter,
1865 1478 1973 1509 cum
2011 1465 2040 1508 8
2077 1461 2188 1509 inde
2224 1479 2328 1526 pro-

597 1548 853 1603 ducuntur,
898 1547 1013 1609 quia
1051 1547 1289 1595 ternarius
1325 1547 1472 1595 index
1509 1554 1604 1595 tres
1642 1547 1847 1595 unitates
1888 1547 2131 1608 continet;
2183 1556 2230 1597 et
2269 1567 2327 1598 ex

596 1636 750 1699 prima
785 1637 845 1684 ab
882 1635 1066 1683 unitate
1102 1636 1498 1700 multiplicatione
1533 1636 1655 1683 fiunt
1691 1641 1737 1693 2,
1778 1637 1983 1684 secunda
2018 1642 2064 1693 4,
2106 1637 2247 1685 tertia
2282 1643 2325 1693 8,

595 1741 702 1786 quae
726 1724 919 1787 quidem
944 1731 1054 1772 sunt
1076 1724 1345 1773 radicatum
1369 1723 1635 1787 quaesitum.

465 1899 711 1947 Radicalis
747 1900 1158 1965 multiplicationis
1197 1900 1374 1964 species
1404 1900 1605 1948 infinitae
1635 1906 1778 1947 sunt:
1818 1899 1888 1947 Ut
1916 1898 2190 1963 duplicatio,
2224 1916 2328 1962 quae

398 1994 468 2034 est
490 1987 824 2051 multiplicatio
848 1989 1053 2036 duorum
1071 1988 1330 2051 aequalium
1352 1988 1570 2044 invicem,
1595 1994 1678 2035 aut
1701 1987 1824 2034 datae
1846 1986 1920 2035 bis
1943 1986 2106 2050 positae
2125 2007 2141 2046 3
2178 1987 2327 2050 tripli-

397 2075 534 2131 catio,
562 2092 669 2138 quae
692 2082 763 2123 est
786 2077 910 2124 datae
932 2084 1006 2124 ter
1026 2076 1207 2140 positae,
1234 2084 1317 2125 aut
1339 2077 1487 2124 trium
1509 2076 1767 2139 aequalium
1790 2076 1927 2123 datae.
1950 2088 1954 2092 ’

466 2163 526 2209 In
562 2162 637 2210 his
674 2163 891 2211 radicata
925 2163 1152 2211 dicuntur
1189 2164 1499 2228 duplicatum,
1532 2163 1837 2227 triplicatum,
1874 2162 2321 2226 quadruplicatum:

399 2250 783 2307 IndiceS,—duo,
811 2251 918 2307 tria,
945 2258 1150 2315 quatuor
1170 2270 1181 2299 z
1224 2250 1792 2314 Radices,--bipartiens,
1819 2249 2108 2313 tripartiens,
2134 2250 2325 2312 quadri-

395 2337 620 2400 partiens.

663 2426 735 2474 Ut
757 2426 910 2489 posito
933 2425 1121 2474 binario
1143 2442 1230 2489 pro
1252 2425 1427 2481 radice,
1448 2432 1495 2473 et
1517 2425 1704 2473 binario
1726 2441 1814 2490 pro
1834 2425 2007 2481 indice,
2026 2423 2130 2485 bini
2150 2423 2327 2472 binarii

592 2514 774 2562 faciunt
803 2519 835 2561 4
865 2513 1192 2577 duplicatum:
1232 2513 1297 2561 Et
1328 2512 1486 2560 indice
1517 2512 1726 2560 ternario
1754 2511 1953 2560 totidem
1978 2511 2110 2567 bina,
2148 2511 2325 2559 scilicet

591 2602 664 2650 bis
705 2603 800 2649 duo
837 2601 954 2650 bina
992 2601 1203 2648 efficiunt
1244 2606 1273 2648 8
1314 2601 1640 2665 triplicatum:
1696 2599 1774 2647 Sic
1818 2598 1976 2647 indice
2021 2598 2324 2662 quaternario

587 2691 791 2744 ,totidem
831 2690 959 2747 bina,
1005 2690 1185 2739 scilicet
1220 2690 1294 2738 bis
1332 2690 1427 2737 duo
1466 2689 1582 2737 bina
1616 2688 1690 2736 bis
1728 2687 1911 2736 faciunt
1951 2686 2012 2735 16
2052 2687 2324 2750 quadrupli-

592 2785 765 2826 catum.
836 2779 901 2826 Et
941 2778 1010 2826 ita
1048 2778 1100 2825 in
1139 2778 1381 2825 infinitum
1419 2777 1573 2841 posito
1611 2776 1799 2824 binario
1837 2792 1925 2839 pro
1963 2773 2138 2831 radice,
2181 2780 2234 2821 ut
2272 2774 2323 2821 in

595 2873 820 2929 sequente
843 2867 1030 2923 tabella,
1068 2867 1202 2933 cujus
1232 2866 1364 2929 prior
1398 2866 1541 2913 series
1577 2871 1648 2912 est
1681 2863 1909 2920 indicum,
1940 2861 2171 2926 posterior
2198 2861 2321 2910 radi-

591 2961 818 3001 catorum.

781 3130 822 3177 I.
893 3130 964 3178 II.
1035 3131 1135 3179 ΙΙΙ.
1208 3131 1338 3180 1111.
1408 3131 1471 3179 V.
1543 3130 1635 3179 VI.
1705 3128 1828 3177 VII.
1873 3129 1953 3174 &c.

665 3223 706 3264 1.
777 3222 822 3265 Q.
905 3224 950 3265 4.
1069 3223 1113 3266 8.
1236 3218 1311 3268 16.
1403 3223 1482 3266 32.
1553 3217 1629 3265 64.
1719 3220 1827 3263 128.
1872 3215 1952 3261 &c.

1340 3323 1369 3353 B
