2878 3900
1060 511 1146 554 DE
1181 511 1357 554 ARTE
1391 511 1774 556 LOGISTICA.
2340 520 2393 560 73

637 662 704 726 ᾖ
726 667 775 707 et
795 661 843 726 ἐξ»,
871 659 1046 708 deinde
1069 659 1187 708 fient
1208 662 1242 726 ἦ
1265 666 1313 708 et
1333 661 1368 726 ἦ
1388 680 1401 720 3
1439 659 1526 708 hos
1548 668 1878 710 numeratores
1911 661 2134 719 invicem,
2173 670 2220 710 et
2251 664 2391 710 deno-

636 748 895 797 minatores
918 748 1123 797 invicem
1146 749 1253 805 duc,
1280 756 1328 797 et
1350 749 1468 797 fient
1490 751 1537 815 ἢ,
1566 757 1620 797 ut
1643 750 1862 814 superius
1885 750 1937 798 in
1963 750 2376 815 multiplicatione.

505 914 854 992 Multiplicatio
898 926 1123 976 radicalis
1168 927 1220 974 in
1265 927 1429 975 fractis
1475 928 1702 985 numeris,
1751 937 1896 994 prout
1943 929 1994 976 in
2040 929 2255 994 integriS,
2306 947 2391 993 per

437 1017 766 1065 continuatam
800 1014 1248 1081 multiplicationem
1283 1016 1563 1081 perficitur:
1611 1016 1662 1065 Si
1698 1017 1827 1065 enim
1865 1018 2150 1067 fractionem
2181 1018 2390 1067 oblatam

437 1106 491 1152 in
522 1122 584 1162 se,
624 1112 706 1153 aut
741 1105 835 1154 sibi
869 1105 1116 1169 aequalem,
1154 1104 1563 1169 multiplicaveris,
1601 1107 1657 1154 fit
1686 1107 1966 1171 duplicata3
2006 1107 2047 1155 si
2076 1107 2204 1155 hanc
2235 1108 2389 1171 dupli-

436 1202 593 1243 catam
627 1194 678 1242 in
714 1195 915 1243 eandem
948 1194 1155 1259 primam
1188 1194 1596 1258 multiplicaveris,
1633 1195 1688 1243 fit
1723 1195 2000 1259 triplicata3
2054 1213 2199 1260 quam
2238 1197 2388 1260 tripli-

436 1291 593 1333 catam
616 1283 658 1332 si
681 1284 840 1332 adhuc
862 1283 914 1330 in
936 1282 1143 1347 primam
1165 1282 1575 1347 multiplicaveris,
1607 1284 1858 1347 proveniet
1880 1284 1994 1332 inde
2019 1285 2390 1348 quadruplicata

434 1373 612 1422 radicis
636 1380 684 1421 et
705 1372 952 1420 fractionis
975 1371 1133 1435 primo
1156 1371 1329 1419 oblatae
1349 1390 1361 1419 :
1401 1371 1467 1419 Et
1490 1372 1808 1436 sicdeinceps
1833 1372 2202 1438 quintuplicata‚
2231 1382 2386 1422 sextu-

434 1462 626 1525 plicata,
653 1469 701 1510 et
723 1467 894 1509 ceterae
917 1460 1146 1508 radicatae
1170 1467 1536 1524 componuntur.

702 1550 774 1599 Ut
807 1550 870 1597 sit
903 1549 1045 1597 radix
1079 1548 1197 1605 haec,
1230 1551 1277 1614 ξ,
1311 1549 1591 1598 radicaliter
1621 1550 1992 1614 multiplicanda
2020 1552 2083 1599 ad
2104 1551 2314 1599 indicem
2338 1558 2384 1607 5,

634 1657 718 1688 seu
764 1638 1199 1703 quintuplicanda:
1263 1637 1441 1695 Primo,
1490 1638 1762 1703 multiplica
1800 1643 1834 1706 ξ»
1878 1640 1930 1687 in
1975 1642 2022 1706 ᾖ,
2070 1640 2188 1688 fient
2228 1643 2261 1705 ἐξ
2301 1658 2388 1704 pro

635 1727 912 1793 duplicata3
952 1727 1127 1776 deinde
1157 1726 1430 1791 multiplica
1458 1727 1585 1776 hanc
1617 1728 1912 1792 duplicatam
1943 1731 1976 1794 ᾗ
2005 1746 2092 1793 per
2124 1730 2313 1777 easdem
2338 1733 2383 1794 Ξ,

633 1818 750 1866 fient
773 1818 853 1884 237²
881 1816 1124 1881 triplicata
1147 1816 1319 1865 oblatae
1343 1816 1591 1865 fractionis
1613 1838 1626 1877 3
1666 1817 1793 1865 hanc
1824 1817 2117 1882 triplicatam
2140 1818 2206 1884 3237
2229 1819 2387 1866 multi-

632 1907 761 1972 plica
793 1924 880 1972 per
914 1907 1106 1955 easdem
1135 1908 1182 1972 ἓ,
1224 1913 1271 1954 et
1307 1906 1556 1970 proveniet
1593 1907 1765 1955 oblatae
1803 1907 1982 1956 radicis
2021 1909 2388 1972 quadruplicata

634 1998 701 2063 {5512
721 2018 733 2057 ;
774 2014 919 2060 quam
942 1997 1136 2044 tandem
1159 2013 1247 2060 per
1268 1998 1303 2062 ξ
1323 1995 1606 2060 multiplica,
1635 2004 1682 2044 et
1704 1998 2032 2061 producentur
2055 1999 2167 2063 {³2²3-

502 2176 707 2225 Partitio
747 2175 894 2224 etiam
934 2175 1160 2223 radicalis
1200 2175 1504 2232 fractionum,
1555 2193 1613 2224 ex
1659 2175 1937 2224 continuata
1974 2176 2234 2240 partitione
2275 2177 2383 2224 sim-

433 2266 562 2330 plici,
595 2282 682 2330 per
712 2265 903 2330 regulas
935 2264 1219 2329 superiores,
1253 2273 1301 2312 et
1331 2264 1631 2329 integrorum
1654 2281 1800 2321 more,
1835 2265 2096 2329 perficitur,
2130 2265 2384 2329 partiendo

433 2355 714 2403 fractionem
737 2354 1003 2403 radicatam
1025 2353 1320 2418 propositam
1342 2371 1429 2418 per
1453 2371 1588 2402 suam
1612 2353 1824 2402 radicem
1848 2342 2024 2410 datam,
2061 2353 2299 2409 continue,
2330 2354 2382 2401 in

432 2444 667 2492 unitatem
708 2460 893 2507 usque3
939 2450 986 2490 et
1019 2459 1248 2490 numerus
1282 2442 1598 2506 partitionum
1634 2442 1770 2491 dabit
1803 2442 2027 2498 indicem,
2072 2450 2126 2490 ut
2163 2443 2380 2506 superius

432 2550 557 2597 saepe
587 2532 771 2580 dictum
803 2539 888 2580 est.

706 2621 826 2678 Sint,
868 2637 958 2686 pro
995 2620 1213 2684 exemplo
1250 2627 1297 2668 et
1334 2620 1553 2668 examine
1590 2620 1918 2684 praecedentis,
1962 2619 2240 2668 radicaliter
2274 2637 2379 2683 par-

629 2711 805 2759 tiendae
828 2712 929 2777 ἧς
950 2727 1037 2775 per
1059 2713 1125 2776 {z
1164 2727 1222 2758 ea
1243 2709 1374 2766 fient,
1400 2709 1572 2774 primo,
1600 2710 1701 2776 ἕξις
1740 2692 1964 2766 secundo,
1992 2709 2088 2775 2373
2128 2707 2284 2765 tertio,
2311 2711 2373 2773 ὓς

631 2801 818 2863 quarto,
851 2800 935 2848 fiet
965 2799 1071 2864 ipsa
1099 2798 1239 2847 radix
1260 2801 1324 2865 ξς
1363 2798 1548 2862 quinto,
1576 2798 1770 2847 devenit
1794 2799 1857 2846 ad
1880 2797 2112 2846 unitatem
2134 2815 2146 2845 z
2187 2796 2383 2860 Itaque,-

629 2888 843 2953 quinque
872 2888 949 2936 hae
976 2888 1258 2953 partitiones
1281 2887 1511 2937 exhibent
1533 2887 1743 2936 indicem
1767 2886 2042 2951 quinarium
2064 2903 2151 2950 pro
2175 2885 2376 2933 radicali

629 2984 776 3040 quoto
807 2977 1022 3040 quaesito,
1056 2985 1104 3025 et
1134 2984 1346 3041 arguunt
1375 2977 1726 3041 praecedentem
1755 2974 2235 3040 quintuplicationem
2258 2974 2372 3037 legi-

627 3065 793 3114 timam
816 3082 932 3115 esse.
