2878 3900
480 564 504 602 8
1074 552 1160 594 DE
1194 547 1366 592 ARTE
1400 542 1777 589 LOGISTICA.

745 699 812 748 Ut
842 697 881 745 si
911 695 1095 744 dubites
1125 709 1185 741 an
1215 696 1246 739 3
1274 688 1591 752 multiplicata
1618 686 1668 734 in
1698 691 1728 732 5
1759 683 2027 748 producant
2056 688 2129 738 15,
2169 697 2257 746 pro
2293 699 2398 730 exa-

677 787 802 835 mine
824 784 999 849 partire
1025 788 1083 829 15
1106 796 1190 844 per
1213 785 1258 835 5,
1286 785 1332 825 et
1356 792 1464 825 cum
1487 775 1599 823 inde
1622 773 1819 821 redeant
1842 775 1889 828 3,
1922 770 2014 819 scis
2045 778 2091 818 te
2121 777 2248 819 recte
2278 770 2398 818 mul-

679 872 941 936 tiplicasse:
980 867 1053 915 vel
1089 866 1239 921 aliter,
1278 863 1457 927 partire
1491 866 1550 908 15
1587 876 1673 924 per
1702 863 1734 907 3
1764 866 1812 906 et
1840 857 2039 905 redeant
2069 862 2115 912 5,
2156 863 2210 904 ut
2247 856 2396 920 prius.

674 960 807 1013 Item,
840 956 879 1003 si
903 954 1088 1003 dubites
1119 970 1180 1000 an
1208 950 1268 1000 16
1292 950 1446 999 divisa
1473 965 1559 1014 per
1583 955 1613 996 5
1636 947 1906 1012 producant
1935 949 1981 1002 3,
2018 943 2186 994 relicta
2215 943 2399 991 unitate

675 1044 886 1099 indivisa,
913 1041 1227 1105 multiplicato
1256 1045 1288 1088 3
1318 1039 1369 1087 in
1397 1045 1444 1095 5,
1476 1054 1573 1085 non
1602 1036 1805 1084 redeunt
1831 1033 1906 1091 16,
1938 1034 2022 1081 sed
2049 1038 2107 1080 15
2131 1053 2144 1092 ;
2181 1032 2290 1080 ideo
2319 1033 2399 1080 ad-

669 1133 824 1180 denda
845 1131 934 1178 erit
958 1129 1114 1177 unitas
1138 1127 1361 1184 examini,
1382 1134 1429 1175 et
1446 1124 1640 1190 partitio
1663 1130 1891 1188 arguetur
1914 1121 2099 1170 unitate
2121 1121 2400 1185 imperfecta

670 1237 780 1267 OSSO.

539 1398 622 1444 Est
645 1405 690 1443 et
714 1404 884 1459 praeter
907 1394 1008 1443 haec
1032 1394 1164 1442 aliud
1187 1392 1458 1457 partitionis
1486 1407 1683 1439 examen
1714 1390 1765 1437 in
1795 1406 1859 1445 se,
1892 1387 2120 1436 nimirum
2144 1387 2396 1451 partiendo

474 1485 766 1550 partiendum
790 1500 874 1546 per
898 1490 1109 1545 quotum,
1137 1489 1190 1529 ut
1212 1481 1442 1545 pristinus
1464 1480 1577 1528 inde
1600 1479 1764 1527 redeat
1788 1476 2006 1542 partitor.

731 1571 797 1619 Ut
826 1587 913 1634 pro
942 1570 1159 1618 examine
1190 1586 1251 1617 an
1286 1575 1343 1616 15
1374 1567 1553 1632 partita
1581 1584 1667 1631 per
1696 1573 1726 1614 5
1758 1566 2026 1630 producant
2049 1568 2095 1619 3,
2126 1563 2307 1627 partire
2336 1569 2393 1611 15

666 1677 747 1723 per
770 1664 815 1714 3,
842 1667 888 1706 et
911 1658 1137 1707 redibunt
1159 1665 1204 1713 5,
1232 1666 1285 1705 ut
1307 1657 1454 1721 prius.

539 1838 698 1885 Habes
729 1836 886 1897 itaque
909 1852 967 1882 ex
991 1834 1151 1889 totius,
1183 1833 1349 1897 partis,
1381 1840 1429 1880 et
1451 1840 1635 1896 partem
1659 1828 2054 1895 cognominantiS,
2082 1828 2268 1876 duabus
2293 1827 2395 1892 qui-

473 1928 741 1987 buscunque
765 1922 900 1978 datis,
928 1921 1115 1970 tertiam
1138 1938 1224 1985 per
1246 1919 1691 1984 multiplicationem
1715 1925 1762 1967 et
1784 1916 2105 1982 partitionem.

1210 2168 1484 2224 CAPUT
1526 2167 1635 2222 ΙΙΙ.

551 2330 623 2367 DE
654 2328 1213 2367 COMPUTATIONIBUS
1245 2328 1415 2366 ORTIS
1446 2327 1520 2365 EX
1550 2326 1734 2365 PRIMO
1768 2325 1964 2364 ORTIS:
1997 2324 2309 2363 RADICALIS

979 2403 1442 2443 MULTIPLICATIO
1473 2402 1546 2440 ET
1577 2402 1874 2440 PARTITIO.

540 2540 814 2587 HACTENUS
839 2550 952 2588 ortae
975 2558 1033 2588 ex
1055 2541 1168 2605 ipsis
1191 2542 1357 2606 primis
1379 2563 1392 2601 ;
1432 2548 1696 2604 sequuntur
1719 2547 1835 2587 ortae
1858 2556 1916 2587 ex
1939 2537 2096 2603 primo
2119 2538 2249 2586 ortis.

539 2715 671 2763 Ortae
701 2732 756 2762 ex
787 2716 939 2778 primo
969 2717 1083 2764 ortis
1115 2726 1223 2766 sunt
1254 2717 1627 2782 computationes
1652 2733 1774 2780 quae,
1801 2733 1861 2764 ex
1883 2716 2102 2777 radicati,
2129 2715 2316 2771 indicis,
2344 2723 2391 2763 et

472 2801 655 2857 radiciS,
681 2803 862 2851 duabus
886 2804 1243 2869 quibuscunque
1268 2807 1407 2863 datis,
1433 2807 1624 2855 tertiam
1646 2803 1912 2853 inveniunt.

539 2889 822 2937 Radicatum
856 2899 926 2938 est
960 2893 1086 2955 quod
1121 2893 1367 2956 aliquoties
1401 2894 1633 2958 partitum
1653 2910 1740 2957 per
1764 2892 2083 2956 quantitatem
2106 2891 2317 2955 aliquam
2340 2892 2391 2939 in

474 2976 696 3023 unitatem
737 2978 890 3037 redit,
940 2988 986 3027 et
1022 2989 1192 3042 quotus
1232 2981 1311 3029 ille
1347 2981 1660 3045 partitionum
1699 2981 1845 3029 index
1885 2980 2097 3040 dicitur3
2147 2980 2390 3043 quantitas

473 3072 625 3110 autem
648 3065 853 3126 partiens
877 3074 947 3114 est
968 3066 1072 3130 ipsa
1093 3067 1244 3115 radix.

731 3152 798 3199 Ut
822 3170 878 3200 ex
902 3153 976 3201 his
1000 3154 1151 3202 tribus
1182 3157 1409 3214 terminis,
1437 3162 1515 3214 32,
1542 3164 1588 3215 5,
1614 3165 1661 3206 et
1685 3163 1731 3215 Q,
1764 3162 1829 3206 32
1852 3157 2081 3206 dicuntur
2102 3157 2386 3213 radicatum,

666 3238 777 3300 quia
812 3258 867 3287 ea
902 3242 1079 3304 partita
1114 3243 1363 3306 quinquies
1399 3262 1485 3309 per
1520 3251 1551 3293 Q
1585 3246 1635 3293 in
1671 3246 1904 3295 unitatem
1934 3246 2170 3305 redeunt3
2210 3244 2389 3293 scilicet
