2878 3900
930 1014 1294 1091 LIBER
1362 1017 1838 1094 PRIMUS.

712 1229 811 1278 DE
869 1229 1297 1279 NOMINATA
1346 1231 1737 1281 ALGEBRAE
1796 1233 2072 1284 PARTE.

1202 1653 1478 1708 CAPUT
1535 1654 1579 1708 Ι.

660 1833 738 1871 DE
768 1834 1257 1873 DEFINITIONIBUS
1287 1834 1361 1871 ET
1392 1834 1796 1873 DIVISIONIBUS
1827 1834 2113 1880 PARTIUM,

1006 1921 1079 1959 ET
1107 1916 1187 1959 'DE
1218 1921 1550 1960 VOCABULIS
1581 1922 1766 1960 ARTIS.

486 2085 526 2126 1.
565 2079 815 2129 ALGEBRA
846 2082 1057 2130 Soientia
1083 2089 1155 2129 est
1183 2083 1242 2129 de
1271 2081 1612 2145 quaestionibus
1644 2082 1827 2144 quanti,
1863 2089 1909 2129 et
1933 2082 2081 2145 quoti,
2117 2083 2352 2131 solvendis

415 2175 639 2216 tractans.

481 2262 525 2304 2.
564 2257 747 2321 Estque
771 2276 828 2306 ea
851 2259 1264 2322 duplex,—altera
1285 2258 1653 2315 nominatorum,
1682 2259 1834 2307 altera
1855 2259 2180 2323 positivorum.

478 2350 524 2392 3.
562 2346 828 2394 Nominata
867 2355 991 2403 sunt,
1036 2363 1141 2409 quae
1178 2348 1204 2393 a
1240 2346 1452 2394 numeris
1489 2347 1817 2404 rationalibus,
1856 2354 1939 2395 aut
1975 2347 2348 2403 irrationalibus,

410 2452 584 2482 nomen
619 2435 812 2484 habent.

476 2530 522 2571 4.
563 2524 842 2573 Rationales
882 2531 993 2572 sunt
1029 2525 1218 2572 numeri
1255 2525 1475 2581 absoluti,
1516 2532 1598 2573 aut
1628 2526 1818 2574 numeri
1851 2533 2044 2589 partes;
2089 2527 2148 2573 de
2179 2525 2349 2588 quibus

410 2621 584 2661 tractat
613 2613 759 2662 etiam
792 2613 1131 2662 Arithmetica.

475 2709 521 2750 5.
559 2703 869 2751 Irrationales
917 2711 1027 2751 sunt
1066 2703 1251 2752 radices
1291 2721 1601 2753 numerorum
1640 2705 1947 2753 rationalium
1987 2722 2083 2752 non
2124 2705 2351 2752 habentes

410 2791 595 2839 radices
626 2792 753 2840 inter
782 2809 1021 2840 numeros.

477 2880 521 2926 6.
560 2879 727 2943 Atque
749 2880 823 2927 hae
849 2882 1004 2944 (quod
1029 2881 1320 2944 quantitates
1345 2885 1479 2946 sunt)
1503 2882 1554 2930 in
1579 2883 1910 2931 Geometriam
1933 2882 2077 2930 etiam
2101 2888 2327 2945 spectant.

475 2975 520 3024 7.
560 2968 771 3016 Positiva
802 2969 1030 3033 Algebrae
1066 2986 1177 3033 pars
1214 2978 1298 3027 est,
1342 2988 1447 3034 quae
1484 2971 1774 3034 quantitates
1811 2979 1858 3019 et
1894 2987 2114 3019 numeros
2148 2970 2347 3017 latentes

407 3074 493 3121 per
528 3056 877 3120 suppositiones
907 3057 1101 3106 fictitias
1129 3059 1324 3122 prodit;
1368 3060 1427 3108 de
1459 3064 1553 3124 qua
1583 3060 1733 3108 Libro
1764 3060 1834 3107 II.
1868 3059 2190 3107 tractabimus.

476 3151 520 3193 8.
560 3145 776 3194 Priorem
821 3153 981 3195 autem
1022 3147 1250 3212 Algebrae
1293 3156 1493 3212 partem,
1543 3151 1603 3198 de
1648 3149 1859 3198 numeris
1905 3156 1952 3197 et
1998 3147 2344 3211 quantitatibus

406 3235 678 3291 nominatiS,
710 3234 801 3283 hoc
831 3234 981 3284 Libro
1008 3236 1047 3283 Ι.
1074 3237 1362 3284 docebimus.
