2878 3900
1013 526 1101 570 DE
1136 527 1310 590 ARTE
1343 527 1720 570 LoG1ST1cA.
2279 532 2327 572 15

594 681 641 721 et
666 680 844 721 contra.
921 674 1045 721 Item
1068 681 1206 721 aucto
1227 690 1426 721 numero
1448 674 1607 728 boum,
1646 671 1812 736 augeri
1834 680 1882 720 et
1904 689 2068 721 eorum
2097 675 2325 738 pabulum

592 778 782 810 necesse
812 768 897 818 est,
933 768 980 809 et
1010 768 1190 818 contra,
1222 761 1407 809 minuto
1430 760 1597 808 minui.
1669 760 1747 808 Sic
1781 760 1932 810 auctis
1962 761 2129 810 diebus
2162 764 2325 826 augeri

592 850 786 905 foenum,
826 856 874 896 et
909 849 1107 897 minutis
1140 848 1307 897 minui.
1379 848 1549 896 Tertio
1580 848 1809 911 exemplO,
1845 848 1994 897 auctis
2018 850 2094 898 vel
2128 850 2323 898 minutis

592 937 769 992 solidis,
807 936 950 984 simul
983 943 1030 984 et
1062 936 1209 984 libras
1243 936 1425 999 priores
1456 935 1524 983 eis
1555 935 1757 998 aequales
1790 936 1955 1000 augeri
1977 937 2052 985 vel
2078 938 2231 985 minui
2255 946 2325 985 est

592 1041 794 1071 necesse.
866 1023 944 1071 Sic
978 1040 1087 1071 cum
1120 1022 1460 1087 posterioribus
1493 1022 1643 1079 libris,
1677 1028 1708 1070 Q
1731 1022 1911 1071 scilicet
1939 1041 2111 1072 marcae
2144 1024 2324 1088 priores

593 1117 624 1159 3
648 1111 715 1159 eis
739 1111 943 1175 aequales
967 1118 1179 1159 crescent
1207 1118 1255 1158 et
1282 1111 1554 1158 decrescent
1574 1131 1588 1170 3
1627 1117 1770 1174 atque
1793 1128 1902 1158 cum
1922 1111 2095 1159 marcis
2118 1118 2149 1160 5
2172 1120 2323 1176 poste-

593 1199 800 1247 rioribus
824 1206 1101 1247 coronatum
1123 1215 1286 1247 unum.
1357 1198 1671 1262 Tandemque
1705 1215 1814 1246 cum
1848 1200 2082 1247 coronatis
2114 1206 2144 1254 9
2171 1208 2322 1264 poste-

593 1288 814 1344 rioribus,
846 1288 1100 1351 quaesitum
1130 1287 1391 1335 solidorum
1420 1303 1675 1335 numerum
1710 1286 1852 1334 simul
1891 1288 2056 1352 augeri
2092 1296 2138 1336 et
2172 1289 2324 1336 minui

591 1392 780 1423 necesse
802 1383 887 1423 est.
957 1375 1102 1423 Unde
1136 1391 1196 1423 ex
1228 1374 1428 1438 singulis
1462 1374 1593 1422 hisce
1626 1373 1752 1422 binis
1784 1374 1933 1422 altera
1955 1376 2194 1438 quantitas
2218 1379 2320 1434 sub,

593 1469 641 1510 et
664 1463 815 1511 altera
837 1479 982 1526 supra
1002 1462 1179 1510 lineam
1202 1461 1520 1518 constituitur,
1548 1468 1602 1510 ut
1625 1461 1841 1526 superius
1864 1479 2055 1510 cernere
2078 1463 2201 1511 licet.

462 1638 721 1696 Quartum,
761 1644 813 1684 ut
847 1637 972 1684 binae
1008 1638 1297 1699 quantitates
1333 1637 1637 1701 cognomines
1670 1637 1796 1685 linea
1830 1637 1912 1685 illa
1951 1655 2133 1701 semper
2174 1642 2322 1703 sejun-

394 1733 581 1790 gantur.

659 1813 810 1861 Prout
832 1813 883 1860 in
907 1813 1229 1877 superioribus
1253 1813 1496 1877 exemplis,
1516 1818 1547 1862 3
1571 1813 1701 1862 horae
1724 1815 1751 1860 a
1774 1813 1805 1861 6
1827 1814 1971 1870 horis,
1997 1821 2044 1862 et
2066 1820 2098 1862 4
2120 1815 2325 1863 miliaria

591 1904 618 1948 ἐι
651 1901 919 1950 miliaribus
954 1901 1165 1965 quaesitis
1199 1902 1251 1949 in
1284 1901 1440 1965 primo
1474 1902 1722 1967 exemplo:
1781 1902 1845 1950 Et
1876 1903 1907 1951 6
1939 1904 2082 1952 boves
2116 1906 2143 1950 a
2176 1905 2325 1953 bobus

591 1989 816 2054 quaesitis,
855 1997 886 2037 5
917 2007 1153 2038 mensurae
1183 1990 1300 2038 foeni
1330 1992 1357 2037 a
1387 1995 1418 2038 3
1449 1990 1698 2047 mensuris,
1732 1998 1779 2040 et
1802 1996 1833 2038 4
1858 1991 1957 2039 dies
1981 1992 2008 2038 ἐι
2031 1997 2061 2040 2
2085 1991 2251 2041 diebus
2274 1993 2324 2039 in

591 2079 798 2126 secundo
821 2079 1036 2142 exemplo
1057 2098 1068 2126 :
1108 2079 1173 2127 Et
1195 2079 1247 2126 in
1270 2079 1411 2127 tertio
1433 2079 1648 2142 exemplo
1678 2084 1742 2126 QO
1770 2079 1911 2127 solidi
1943 2081 1970 2126 a
2004 2080 2166 2128 solidis
2201 2097 2322 2143 quae-

592 2166 709 2222 sitis,
744 2173 790 2213 et
815 2171 845 2213 Q
869 2166 1003 2214 librae
1035 2167 1095 2214 ab
1122 2171 1146 2213 1
1171 2166 1308 2222 libra,
1343 2174 1390 2213 et
1412 2172 1444 2213 5
1466 2183 1639 2214 marcae
1663 2167 1689 2213 a
1712 2171 1743 2214 3
1766 2166 1952 2222 marcis,
1987 2174 2034 2214 et
2058 2173 2088 2220 9
2112 2169 2323 2216 coronati

590 2255 651 2302 ab
678 2260 700 2300 1
729 2245 966 2310 coronato,
993 2254 1272 2317 interposita
1292 2254 1419 2302 linea
1442 2254 1794 2318 disjunguntur.

461 2431 556 2478 His
580 2430 855 2487 observatis,
894 2431 956 2478 ad
985 2430 1198 2478 omnium
1228 2431 1461 2494 eJusmodi
1490 2430 1804 2494 quaestionum
1825 2430 2106 2478 solutionem
2131 2431 2323 2479 unicum

393 2518 619 2567 inserviet
640 2518 861 2583 generale
884 2518 975 2566 hoc
999 2518 1286 2582 operationis
1308 2525 1600 2582 praeceptum
1621 2537 1632 2565 :

460 2606 740 2670 Multiplica
761 2606 1053 2670 quantitates
1077 2607 1342 2670 superiores
1365 2606 1584 2662 invicem,
1615 2606 1731 2654 item
1759 2614 1807 2654 et
1835 2606 2081 2654 inferiores
2104 2606 2319 2662 invicem,

393 2695 566 2742 deinde
587 2694 862 2759 multiplum
886 2694 1186 2758 superiorum
1208 2694 1388 2758 partire
1411 2711 1498 2758 per
1519 2694 1793 2757 multiplum
1816 2694 2109 2750 inferiorum,
2141 2701 2187 2741 et
2210 2711 2320 2756 quo-

394 2791 468 2831 tus
492 2783 583 2831 erit
607 2783 859 2846 quaesitum
882 2782 1133 2846 quaestioni
1156 2782 1463 2830 satisfaciens.

656 2871 727 2918 Ut
761 2870 813 2918 in
846 2870 1001 2933 primo
1036 2869 1266 2933 exemplo,
1305 2869 1574 2932 multiplica
1607 2868 1872 2932 superiores
1904 2867 1934 2915 6
1965 2874 2012 2914 et
2040 2873 2072 2913 4
2101 2867 2316 2922 invicem,

592 2958 842 3016 fient-2413
886 2974 992 3020 quae
1027 2957 1208 3020 partire
1244 2974 1331 3020 per
1366 2956 1639 3004 inferiorem
1674 2972 1925 3003 numerum
1959 2959 2004 3009 3,
2045 2961 2090 3001 et
2124 2954 2238 3001 fient
2274 2959 2316 3009 8,

591 3061 818 3091 numerus
850 3043 1112 3091 miliarium
1147 3043 1388 3107 quaesitus.
1461 3043 1521 3090 In
1556 3044 1761 3090 secundo
1795 3041 2022 3104 exemp10‚
2059 3040 2322 3103 multiplica

591 3131 856 3194 superiores
893 3130 937 3186 6,
975 3137 1021 3186 5,
1061 3138 1108 3178 et
1141 3137 1173 3178 4
1208 3131 1425 3187 invicem,
1466 3137 1513 3178 et
1547 3131 1662 3178 fient
1689 3135 1814 3188 1203
1859 3128 1969 3175 inde
2003 3126 2268 3190 multiplica
2288 3132 2319 3173 3

592 3235 678 3281 per
708 3224 752 3273 Q,
793 3218 908 3265 fient
939 3217 968 3265 6
990 3238 1002 3277 ;
1039 3235 1126 3281 per
1156 3235 1260 3281 quae
1287 3218 1466 3282 partire
1495 3223 1601 3273 120,
1639 3218 1960 3280 producentur
1983 3219 2060 3270 ΞΟ,
2096 3230 2319 3262 numerus
