2878 3900
525 551 579 590 80
1135 540 1221 583 DE
1254 537 1427 582 ARTE
1462 532 1837 578 LOGISTICA.

726 688 945 743 denariis,
978 686 1017 733 si
1041 681 1373 733 substrahendi
1396 680 1490 728 sint
1514 684 1545 733 9
1569 677 1768 733 denarii,
1794 675 1878 740 qui
1901 674 2140 723 excedunt
2161 680 2194 722 4·
2217 675 2452 730 denarios,

726 786 772 825 et
795 777 900 825 ideo
923 782 954 822 4·
977 771 1184 821 denariis
1207 768 1528 834 praestandum
1551 774 1623 814 est
1647 782 1794 814 unum
1818 763 2039 819 solidum,
2067 779 2150 811 seu
2173 768 2234 811 12
2252 763 2452 819 denarii,

725 873 775 912 ut
814 865 928 911 fiant
967 861 1077 908 inde
1120 858 1179 906 16
1215 856 1414 912 denarii,
1459 856 1484 903 e
1521 854 1695 919 quibus
1730 854 1831 917 jam
1874 850 2122 900 subductis
2160 856 2191 905 9
2227 852 2453 908 denariis,

720 958 974 1005 remanent,
1019 956 1069 995 ut
1109 962 1265 1009 supra,
1308 952 1338 1002 7
1374 942 1559 992 denarii
1600 941 1803 1006 quaesiti.
1876 940 1970 997 Sic,
2011 939 2051 988 si
2086 940 2112 988 ὲ
2146 940 2302 1004 gradu
2339 949 2387 988 et
2424 945 2455 987 3

720 1037 948 1102 scrupulis
977 1035 1142 1099 primis
1173 1033 1350 1082 fuerint
1385 1038 1442 1081 15
1476 1032 1702 1095 scrupula
1727 1030 1885 1095 prima
1913 1028 2279 1086 substrahenda,
2318 1030 2455 1078 redu-

717 1127 866 1176 cenda
896 1133 1006 1174 sunt
1038 1141 1158 1172 unus
1189 1123 1367 1187 gradus
1395 1128 1443 1171 et
1471 1121 1565 1169 tria
1593 1120 1819 1184 scrupula
1846 1120 1910 1167 ad
1940 1118 2003 1167 63
2033 1118 2260 1182 scrupula
2280 1118 2451 1183 prima,

718 1224 767 1263 ut
804 1215 914 1263 inde
954 1220 1010 1261 15
1047 1211 1223 1260 auferri
1258 1209 1454 1275 possint,
1495 1218 1543 1258 et
1579 1209 1896 1258 remanebunt
1926 1212 1991 1256 48
2023 1207 2249 1272 scrupula
2282 1207 2452 1272 prima.

719 1304 867 1352 Haud
901 1319 1033 1350 secus
1068 1318 1122 1349 ac
1157 1301 1207 1348 in
1239 1298 1514 1363 vulgaribus
1549 1297 1750 1362 integris
1785 1305 1833 1346 et
1867 1297 2045 1354 fractis,
2084 1296 2243 1345 unitas
2278 1314 2452 1361 praece-

714 1391 867 1441 dentis
891 1391 982 1439 loci
1005 1390 1276 1455 praestanda
1298 1396 1369 1437 est
1392 1387 1610 1451 sequenti
1633 1387 1737 1436 loco
1761 1387 1824 1436 ad
1843 1387 2083 1435 defectum
2105 1387 2208 1450 ejus
2231 1387 2452 1451 supplen-

712 1482 838 1530 dum.
910 1480 978 1529 Ut
1011 1479 1051 1526 si
1083 1479 1108 1526 ὁ
1140 1477 1270 1525 mille
1302 1484 1567 1525 trecentum
1597 1476 1876 1525 auferantur
1900 1475 2113 1540 quinque
2137 1483 2353 1533 centena,
2380 1484 2452 1524 ter

714 1569 921 1617 centenis
943 1567 1267 1632 praestandum
1292 1574 1362 1613 est
1387 1582 1536 1613 unum
1558 1565 1897 1621 millenarium,
1930 1572 1983 1612 ut
2010 1565 2126 1613 hinc
2152 1565 2273 1613 fiant
2297 1566 2449 1613 trede-

712 1658 803 1706 cim
827 1665 1037 1712 centena,
1066 1657 1090 1703 ὲ
1115 1655 1287 1719 quibus
1304 1656 1407 1718 jam
1431 1654 1565 1702 aufer
1589 1654 1803 1718 quinque
1827 1662 2042 1710 centena,
2063 1661 2320 1718 supersunt
2343 1662 2450 1701 octo

713 1752 923 1799 centena,
960 1752 1009 1791 ut
1042 1760 1197 1807 supra.
1268 1741 1360 1798 Sic,
1395 1759 1454 1789 ex
1486 1758 1582 1790 uno
1611 1750 1660 1790 et
1688 1749 1893 1805 quatuor
1923 1741 2145 1806 septeniS,
2177 1742 2448 1790 auferendae

713 1841 822 1880 sunt
856 1849 935 1880 sex
970 1839 1206 1896 septenae;
1253 1839 1305 1878 ut
1336 1830 1426 1879 hoc
1456 1831 1554 1887 fiat,
1592 1830 1868 1879 reducenda
1897 1838 1969 1879 est
2000 1830 2158 1879 unitas
2186 1831 2237 1879 in
2266 1840 2447 1895 septem

712 1928 939 1984 septenas,
967 1937 1071 1982 quae
1095 1919 1376 1983 praestandae
1400 1926 1511 1967 sunt
1534 1926 1740 1982 quatuor
1763 1918 1985 1983 septenis,
2014 1926 2067 1967 ut
2088 1919 2207 1967 fiant
2224 1920 2447 1968 undecim

710 2017 935 2072 septenae3
963 2010 987 2056 ὁ
1006 2008 1177 2072 quibus
1197 2026 1277 2056 sex
1295 2008 1502 2072 septenis
1517 2007 1702 2064 ablatis,
1721 2015 1971 2056 remanent
1989 2007 2202 2072 quinque
2221 2016 2442 2072 septenae,

712 2082 761 2145 iit
784 2115 938 2162 supra.
998 2097 1148 2146 Vides
1172 2097 1334 2161 itaque
1357 2115 1657 2146 communem
1679 2097 1850 2146 horum
1875 2097 2089 2146 omnium
2112 2106 2410 2146 concentum.

580 2275 665 2322 Est
695 2275 819 2323 enim
851 2275 1075 2332 omnium,
1110 2284 1207 2324 tam
1231 2276 1491 2325 fractorum
1514 2278 1658 2340 quem
1680 2276 1993 2342 integrorum,
2023 2294 2113 2342 par
2141 2276 2267 2326 ratio
2297 2284 2344 2325 et
2375 2294 2444 2324 re-

514 2371 695 2426 spectus
719 2365 780 2412 ad
802 2381 909 2412 suas
932 2364 1351 2422 denominationeS‚
1378 2374 1476 2414 tam
1499 2367 1801 2415 ascendendo
1824 2369 1967 2431 quzim
1990 2367 2336 2416 descendendo.

773 2454 842 2502 Ut
872 2453 1165 2518 integrorum
1197 2454 1435 2503 unitatum
1464 2456 1527 2503 ad
1554 2472 1664 2503 suas
1691 2456 1855 2513 denas,
1886 2464 2124 2513 centenas,
2152 2464 2200 2504 et
2222 2456 2442 2504 millenas

708 2542 1004 2605 superiores3
1043 2551 1090 2591 et
1120 2544 1181 2591 ad
1210 2561 1318 2592 suas
1351 2544 1576 2601 decimas,
1610 2545 1906 2602 centesimas,
1940 2553 1988 2594 et
2015 2544 2292 2594 millesimas
2326 2545 2442 2593 infe-

708 2630 868 2678 riores.
937 2631 1027 2687 Sic,
1077 2633 1407 2696 scrupulorum
1452 2632 1716 2698 primorum
1763 2634 1826 2683 ad
1871 2651 1980 2682 suos
2026 2651 2285 2698 sexagenos
2332 2634 2441 2697 (qui

706 2719 882 2782 gradus
905 2722 1053 2783 sunt),
1087 2728 1134 2769 et
1165 2737 1422 2786 sexagenos
1453 2723 1632 2787 gradus
1663 2722 1773 2787 (qui
1806 2723 1905 2771 duo
1932 2722 2072 2787 signa
2098 2724 2249 2786 sunt),
2281 2739 2441 2771 ascen-

706 2808 893 2867 dendo;
936 2816 982 2856 et
1016 2809 1078 2856 ad
1112 2827 1219 2857 suas
1254 2810 1570 2875 sexagesimas
1604 2819 1764 2875 partes
1805 2813 1938 2876 (quae
1972 2812 2199 2877 scrupula
2230 2814 2442 2861 secunda

705 2898 853 2960 sunt),
875 2904 921 2944 et
940 2898 1268 2962 scrupulorum
1287 2901 1603 2949 secundorum
1621 2901 1939 2966 sexagesimus
1956 2902 2289 2950 descendendo
2306 2902 2439 2965 (quae

705 2985 926 3049 scrupula
948 2986 1090 3035 tertia
1112 2991 1259 3051 sunt).
1332 2989 1470 3046 Item,
1506 2989 1645 3038 solidi
1669 2991 1732 3038 ad
1755 3007 1843 3039 sua
1864 2989 2117 3056 vigecupla
2139 2990 2439 3039 ascendendo

705 3075 835 3137 (quae
861 3074 996 3123 librae
1025 3075 1290 3140 dicuntur),
1323 3085 1370 3125 et
1394 3077 1456 3125 ad
1478 3095 1586 3126 suas
1610 3079 1917 3128 duodecimas
1944 3080 2277 3128 descendendo
2306 3081 2438 3143 (quae

701 3161 883 3210 denarii
900 3162 1163 3227 dicuntur).
1213 3165 1306 3212 Par
1324 3173 1394 3214 est
1412 3175 1667 3230 respectus,
1693 3175 1740 3216 et
1763 3168 2134 3232 computationis
2157 3167 2434 3223 similitudo,

703 3248 749 3295 in
775 3250 1003 3299 omnibus.
